2692 4672
487 333 830 400 PROOEMIUM.
1174 336 1194 399 5

128 473 181 551 vel
198 472 402 573 abantiquis
424 473 606 560 Romanis,
622 471 675 546 vel
697 473 739 545 ah
752 473 937 569 Augusto,
959 470 1098 546 Tiberio
1114 473 1199 550 Ger·

127 597 326 696 manicoqne
345 594 457 689 gestis.
487 595 552 668 llis
569 594 711 668 Ovidius
730 612 847 694 preter
863 594 1090 670 necessitatem
1110 597 1200 671 aide·

128 747 205 792 rum
216 716 400 791 multorum
417 717 578 812 originem
591 716 731 789 addidit.
757 716 891 811 insigne
912 717 1018 813 igitur
1032 718 1198 820 hocopus

129 858 165 914 et
181 838 385 913 uberrimum
402 837 525 913 dixeris
541 869 559 913 a
580 866 690 913 rerum
705 838 747 912 ad
769 839 1034 933 cognoscendum
1057 840 1194 915 minime

128 960 341 1036 illiberalium
351 961 457 1063 eopia.
472 963 511 1034 ln
524 961 598 1035 istis
607 978 717 1035 autem
726 959 885 1034 omnibus
899 989 970 1035 nou
983 961 1102 1037 licebat
1113 990 1199 1064 poe·

131 1103 190 1172 tar,
207 1112 281 1186 quae
304 1083 423 1172 vellet,
448 1083 591 1178 fingere,
610 1084 668 1158 sed
692 1110 730 1157 ea
752 1081 825 1180 lege
847 1082 1039 1173 tenebatur,
1063 1102 1102 1158 ut
1125 1114 1198 1186 quae

128 1224 242 1281 notata
258 1224 370 1281 essent
386 1206 428 1280 ah
446 1205 520 1279 aliis
530 1261 545 1292 ,
565 1223 622 1278 aut
640 1204 777 1294 tradita,
794 1233 833 1279 ea
851 1203 994 1280 fideliter
1012 1224 1198 1306 repeteret;
1238 1238 1250 1250 ’

128 1347 179 1417 et,
197 1331 226 1402 si
251 1328 447 1403 traditiones
472 1329 706 1429 sententiaeque
728 1329 816 1402 inter
836 1358 870 1403 se
894 1326 1115 1417 dissiderent,
1139 1347 1198 1403 aut

127 1480 199 1525 eam
212 1470 427 1554 excerperet,
452 1480 525 1553 quae
542 1453 608 1552 ipsi
623 1452 790 1526 videretur
802 1451 951 1552 proxime
965 1452 1132 1526 adrerum
1145 1481 1198 1526 ac-

127 1575 263 1663 cedere,
278 1595 335 1651 out
347 1575 460 1676 plures
474 1574 590 1649 lectori
606 1575 832 1675 dijudicandas
846 1593 1061 1676 proponeret
1084 1575 1198 1677 Atque

124 1699 219 1772 hunc
231 1727 364 1774 cursum
380 1727 441 1800 per
456 1716 566 1771 totum
578 1689 709 1771 carmen
726 1697 843 1770 tenuit.
859 1698 983 1771 Ortum
995 1714 1029 1771 et
1040 1725 1193 1771 oceasum

126 1820 270 1895 sidemm
287 1840 421 1896 notasse
439 1821 571 1894 videtur
589 1848 607 1892 e
627 1818 827 1893 Kalendario
848 1818 1016 1919 quodam,
1041 1819 1196 1893 adhibito

124 1943 226 2019 etiam
235 1943 429 2018 Astronomi
442 1942 614 2041 cujusdam
629 1941 734 2015 Graeci
750 1938 858 2029 lihro;
874 1941 1035 2035 originem
1049 1941 1195 2016 siderum

122 2067 241 2140 hausit
256 2093 296 2138 ex
314 2063 516 2165 mythologis
529 2120 544 2152 „
566 2092 653 2165 quos
666 2065 703 2136 in
719 2064 1044 2163 Metamorphosesin
1061 2082 1195 2139 secutus

53 2198 61 2221 '¹
121 2203 224 2272 crat;
246 2184 372 2284 reliqua
384 2185 478 2286 petiit
489 2216 557 2260 non
572 2215 612 2261 ex
630 2183 821 2259 Annalibus
834 2202 985 2271 tantum,
1006 2212 1198 2287 quanquam

33 2396 41 2409 Ι
63 2304 71 2351 l
124 2336 189 2383 eos
210 2303 304 2380 solos
324 2306 378 2379 bis
398 2309 567 2395 nominat,
594 2307 686 2382 sede
707 2305 860 2408 plurimis
884 2306 952 2381 illis
973 2309 1195 2383 monumentis

122 2430 315 2530 librisque,
339 2428 464 2528 quibus
481 2457 534 2502 res
548 2433 776 2504 Romanorum
796 2447 952 2505 enarratae
974 2447 1074 2531 atque
1097 2428 1195 2503 illus-

125 2571 217 2643 trata
235 2568 343 2625 erant.
355 2549 461 2624 Multi
474 2550 579 2638 enim,
590 2552 627 2625 iu
641 2552 766 2653 quibus
779 2554 884 2626 Varro
904 2579 971 2652 pree
984 2552 1110 2627 ceteris
1123 2580 1193 2627 me·

125 2672 320 2762 morabilis,
349 2674 384 2746 in
406 2671 534 2746 rituum
549 2674 777 2749 Romanorum
798 2674 944 2768 origines
956 2671 1131 2768 diligenter
1144 2677 1198 2748 in·

129 2794 352 2895 quisiterant3
377 2796 521 2870 undeet
543 2797 650 2872 scrius
670 2796 870 2871 Plutarchus
904 2795 1096 2896 Quaestioues
1119 2824 1197 2871 suas

126 2920 307 3006 Rom,
325 2938 385 2994 aut
397 2924 585 3017 Kaputulus
595 2929 797 3023 καταγραφήν
811 2922 996 3026 excerpsit,
1022 2921 1144 3023 quibus
1161 2941 1196 2996 et

126 3049 211 3150 ipsis
222 3049 259 3122 in
270 3047 408 3124 Romuli
421 3048 496 3129 Vita
507 3076 632 3121 nomen
644 3053 757 3121 Αἱτὶων
767 3038 948 3148 'Perpetuus
961 3048 1088 3125 tribuit.
1101 3049 1197 3146 Quin

127 3173 233 3245 Butes
256 3169 392 3272 quidem
414 3171 553 3245 cornuue
571 3169 716 3265 elegiaco
731 3186 769 3244 et
789 3171 861 3270 ipse
878 3172 944 3244 hoc
963 3187 1194 3267 argumentum

127 3298 305 3384 tractarit,
322 3296 505 3396 cecinitque
526 3298 637 3378 Αὶτὶας
650 3290 796 3391 μυθώδεις
811 3300 952 3391 περὶτῶν
964 3289 1156 3391 Ῥωμαϊκῶν,
1177 3321 1196 3368 e
1301 3330 1304 3335 ·

129 3421 254 3521 quibus
280 3418 498 3506 Plutarchus,
513 3417 549 3490 iu
573 3421 675 3494 Rom.
696 3444 768 3505 20,
793 3416 961 3490 distichon
981 3415 1103 3491 laudat.
1129 3414 1195 3492 Sed

132 3569 199 3615 non
212 3559 363 3630 constat,
381 3569 448 3642 quo
462 3557 610 3641 tempore
626 3542 730 3613 Rutas
746 3538 800 3612 ille
816 3539 943 3613 vixerit.

183 3665 306 3738 Rerum
321 3692 424 3764 porro
442 3664 580 3737 isurun
592 3689 743 3736 acervum
756 3661 802 3734 ita
818 3661 969 3735 tractavit
982 3662 1142 3748 Ovidius,
1159 3653 1198 3733 ut

132 3784 296 3877 insignem
308 3786 398 3861 illam
408 3784 630 3881 ingenii'rim,
645 3783 812 3879 egregium
826 3781 910 3856 illud
921 3784 1045 3878 ingenii
1059 3784 1197 3869 llumeu,

134 3906 229 4010 quod
242 3933 299 4006 per
311 3927 417 3985 totum
433 3907 749 4009 Metamorphoseon
763 3934 849 4007 opus
863 3907 1076 4005 spectandum
1092 3920 1125 3976 et
1137 3905 1198 3978 ad-

134 4031 326 4109 mirandum
345 4034 544 4135 proposuit,
559 4031 712 4134 plurimis
729 4030 811 4106 lueis
833 4030 1006 4105 desideres.
1035 4028 1197 4104 Mirilicua
