2692 4672
405 493 887 605 PROOEMIUM.

536 777 772 801 -ο-ι

120 1132 235 1260 Qut!
258 1185 356 1233 cansa
370 1154 542 1258 impulerit
560 1155 740 1243 Ovidium,
767 1174 806 1230 ut
820 1156 861 1231 ad
877 1158 997 1232 Fastos
1012 1159 1183 1234 Romano·

114 1312 191 1357 rum
203 1280 305 1376 elegis
320 1279 527 1355 eromantlos
540 1278 693 1377 adjiceret
706 1280 870 1366 animum,
887 1279 1040 1380 equidem
1057 1280 1185 1384 liquido

119 1404 227 1479 dicere
249 1432 319 1477 non
342 1401 458 1476 ausim.
486 1401 589 1475 Mitto
612 1401 777 1502 Propertii
803 1403 896 1496 (lV,
917 1420 948 1489 1,
966 1401 1039 1503 69)
1063 1404 1186 1490 verba,

118 1527 221 1601 &cra
239 1525 360 1627 diesque
380 1551 507 1608 canan,
533 1537 564 1596 et
582 1524 758 1622 cognomina
770 1523 874 1622 pa'sca
889 1523 1041 1610 locorum,
1065 1525 1189 1625 quihus

117 1649 280 1724 excitatos
294 1646 489 1750 praevenisse
504 1645 644 1718 amicum
662 1643 832 1719 nonnullis
851 1644 991 1719 videtur.
1019 1647 1188 1722 Memora-

119 1769 225 1844 bilior
239 1788 290 1845 est
303 1769 466 1846 sententia
479 1796 615 1854 eornm,
636 1767 694 1867 qui
708 1765 945 1843 Callimachum
958 1785 1079 1869 putant
1092 1770 1134 1843 ab
1149 1799 1188 1845 eo

120 1922 194 1970 esse
207 1923 406 1995 expressum.
434 1895 532 1967 Hunc
561 1892 648 1966 enim
668 1909 797 1966 constat
815 1894 980 1983 carmine,
1002 1895 1054 1968 cui
1071 1888 1185 1968 Ᾰιτὶων

117 2018 191 2093 sive
205 2016 373 2089 Causarum
386 2043 508 2091 nomen
522 2014 736 2114 inscriptum,
751 2043 859 2087 rernm
869 2015 1187 2116 antiquissimarum,

25 2150 50 2245 'q
119 2146 167 2219 ad
180 2145 272 2215 Deos
282 2142 438 2217 ethereas
449 2141 684 2244 pertinentium
697 2167 811 2213 causas
824 2143 925 2233 (αἴτια
936 2141 1070 2237 oppius
1083 2148 1188 2239 ἡρώων

10 2334 20 2365 .,
45 2278 49 2285 ’
117 2273 177 2344 καὶ
199 2269 372 2366 μακάρων)
388 2265 601 2367 explicuisse;
626 2265 720 2364 cujus
738 2263 892 2354 carminis
909 2250 1113 2359 fragmenta,
1129 2265 1188 2338 secl

19 2380 75 2511 lq
116 2390 334 2475 brevissima,
349 2387 488 2462 Bentleii
506 2389 598 2467 curis,
609 2385 770 2474 collecta,
790 2385 823 2459 in
838 2385 982 2460 editione
999 2382 1192 2461 Callimachi

83 2522 97 2557 “·
115 2514 321 2611 Erneshna,
338 2529 419 2584 tom.
435 2510 468 2582 ll
480 2539 536 2610 ,p
552 2507 728 2604 leli-426,
742 2506 908 2605 leguntur.
937 2510 984 2580 Et
996 2534 1034 2581 ex
1046 2508 1100 2582 his
1115 2509 1190 2610 qui-

124 2618 200 2737 δεῇ
216 2635 409 2733 fragmentis
426 2633 538 2735 operis
558 2632 640 2706 ratio
662 2632 795 2705 minime
819 2630 1053 2729 cognoscitur;
1077 2660 1190 2706 verum

124 2760 328 2865 Anthplogia
338 2762 467 2848 Graeca,
481 2775 562 2831 tom.
577 2758 636 2844 lv,
649 2784 728 2858 pag.
742 2754 830 2852 236,
845 2755 1056 2859 Epigramma
1070 2755 1188 2840 hahet,

126 2882 215 2959 uncle
234 2902 370 2987 poetam
394 2909 493 2957 usum
521 2907 592 2953 esse
616 2878 681 2952 hoc
704 2879 863 2974 figmento
891 2878 1061 2966 ridemm,
1085 2895 1127 2953 nt
1153 2879 1189 2952 in

127 3008 252 3083 somnis
271 3033 314 3082 se·
326 3005 449 3081 diceret
469 3005 504 3076 in
518 2999 682 3077 flelieona
703 3001 900 3104 abreptum,
924 3031 997 3103 quae
1011 3018 1188 3103 quaereret,

129 3157 171 3204 ex
183 3130 268 3230 ipsis
283 3128 395 3203 Musis
410 3126 586 3228 recepisse.
615 3127 773 3219 Etsane,
790 3125 886 3198 etiam
903 3125 1044 3199 Ovidius
1059 3125 1094 3195 in
1111 3125 1201 3197 Fas-=

126 3272 240 3330 torum
261 3281 361 3355 opere
384 3249 504 3327 Causas
518 3248 703 3325 multarum
721 3277 854 3337 rerum,
880 3277 948 3322 non
966 3251 1191 3322 Romanarum

126 3396 275 3465 tanwm,
290 3374 442 3477 exponit,
458 3374 544 3474 quin,
554 3391 588 3448 et
600 3375 691 3449 Deos
706 3373 770 3448 sihi
786 3374 968 3472 Musaeque
980 3371 1076 3467 lingit
1089 3400 1190 3474 appa·

45 3594 51 3605 .
127 3501 249 3589 ruisse,
263 3515 322 3588 ut,
337 3527 411 3600 quae
425 3495 539 3571 abdita
553 3495 710 3584 laterent,
731 3494 796 3568 sihi
811 3495 984 3595 aperirent.
1003 3493 1112 3567 Etiam
1126 3493 1191 3567 hoc

127 3640 249 3696 certum
262 3640 330 3709 est,
357 3618 550 3694 Callimachi
564 3647 692 3692 carmen
709 3618 787 3691 satis
805 3633 923 3690 notum
943 3616 1046 3690 luisse
1064 3619 1190 3690 Roma-

122 3744 201 3829 nis,
215 3741 444 3845 laudatumque
458 3745 658 3828 aVarrone,
682 3739 849 3826 Martiali,
864 3737 1061 3826 Plutarcho,
1077 3738 1189 3813 Servio

125 3867 280 3966 aliisque.
302 3866 524 3942 Ruhnkenius
542 3864 681 3964 denique
703 3861 812 3937 locum
827 3861 979 3935 exTrist.
996 3863 1046 3949 V,
1071 3879 1118 3946 V,
1143 3856 1189 3931 33

128 4023 213 4094 sqq,
226 3993 371 4083 notavit,
387 4022 483 4094 quem
497 4021 536 4067 ex
552 3990 634 4093 ipsis
646 3988 714 4066 illis
726 3986 918 4063 Callimachi
930 3990 1047 4068 Αἰτὶοις
1058 4010 1192 4085 expres·
