2692 4672
185 44 190 80 1

139 281 212 369 456
529 282 807 390 exennsns

137 446 267 530 reperta
278 428 417 515 doeent3
434 454 506 528 qnae
518 426 656 518 tabule,
671 452 738 530 quo
749 428 853 527 major
862 426 1202 503 urbibnscumttoma

138 552 312 628 intercedit
340 552 579 643 necessitudo,
613 581 652 628 en
683 553 824 654 propius
853 552 895 627 ad
927 552 1030 628 iastos
1053 581 1203 629 romanos

137 675 306 749 accedunt
316 676 476 752 Videmus
484 677 550 751 hnc
558 708 587 751 v.
606 708 633 753 c.
644 678 679 751 in
688 677 915 764 Amiterninis,
923 676 1155 763 Praenestinis,
1170 677 1201 750 in

140 795 263 898 quibus
276 827 379 900 panca
392 800 433 874 ad
450 800 566 901 oppidi
585 800 727 900 cujusvis
739 799 896 901 proprios
906 799 991 875 ritus
1008 799 1204 899 pertinentia

138 941 317 997 occurrunt
349 933 381 1012 ¹,
406 925 607 1001 omniafere
632 953 706 998 eum
730 924 791 1012 iis,
816 952 904 1026 qnos
932 925 1043 998 Roma
1068 923 1202 1010 habuit,

141 1065 349 1122 conveniunt.
1095 1098 1101 1127 2

185 1170 225 1242 ln
241 1166 316 1244 aliis
332 1169 417 1243 Latii
432 1169 588 1272 populis,
606 1199 692 1271 quos
706 1169 866 1258 Ovidius,
880 1170 970 1246 Fast.
986 1171 1057 1257 Ill,
1075 1168 1122 1271 87
1140 1198 1202 1270 seq.

136 1310 314 1383 recenset,
344 1293 467 1395 quique
496 1293 606 1368 minus
635 1322 654 1367 a
681 1295 788 1367 Roma
808 1293 948 1395 proiecti
969 1311 1084 1382 erant,
1107 1292 1205 1367 fastos

135 1415 258 1491 abiisse
274 1415 310 1490 in
327 1416 460 1506 miritis,
484 1414 536 1489 vel
553 1443 593 1491 ex
610 1416 739 1491 diverso
762 1415 880 1490 ordine
901 1416 1066 1490 mensium
1087 1415 1205 1489 intelli·

135 1538 228 1635 gitur
250 1538 391 1637 (confer
413 1539 583 1614 Censorio.
602 1541 638 1631 1,
667 1541 752 1632 20).
779 1537 918 1613 Colonis
941 1555 1058 1613 contra
1081 1538 1119 1611 in
1139 1538 1205 1638 ipsa

138 1660 343 1737 coloniarum
362 1661 582 1746 deductione,
604 1679 643 1736 nt
659 1689 749 1736 sacra
767 1659 808 1735 iis
825 1690 901 1737 curn
916 1661 1001 1737 urbe
1022 1659 1205 1736 communia

138 1801 267 1872 essent,
285 1781 391 1857 fastos
406 1782 551 1856 urbanos
567 1782 707 1857 traditos
718 1811 806 1872 esse,
822 1782 1004 1885 probatum
1020 1782 1048 1856 it
1064 1801 1206 1859 veterum

137 1907 299 1984 fastorum
316 1905 479 2007 interpres
495 1904 585 2006 opud
601 1906 803 2003 Foggininm
823 1911 839 2002 (
854 1906 889 1980 in
907 1906 996 1981 libro
1021 1905 1204 1994 laudando,

138 2061 216 2134 pag.
237 2030 330 2126 103)
349 2030 408 2134 qni
424 2029 632 2105 coloniarum
644 2031 778 2106 nomina
792 2048 870 2104 tunc
888 2030 924 2104 in
940 2029 1036 2105 lastis
1051 2047 1206 2105 annonis

138 2156 272 2257 reperit
618 2238 623 2242 .

189 2278 343 2367 Accedit,
354 2297 394 2353 ut
405 2279 445 2353 de
457 2308 550 2355 more
562 2307 615 2353 res
627 2294 809 2354 memoratu
823 2276 942 2374 dignas
955 2277 1099 2352 infastis
1110 2276 1210 2352 sacris

140 2403 181 2477 ad
201 2432 278 2492 eos,
294 2403 417 2504 quibus
434 2420 533 2498 gestae
549 2417 646 2488 sunt,
665 2400 977 2488 diesndseribendi,
997 2400 1151 2502 quaednm
1162 2399 1209 2473 di·

140 2556 268 2616 carnus,
288 2557 393 2629 quum·
404 2527 442 2599 in
452 2527 514 2601 hac
525 2556 579 2612 re,
598 2527 781 2627 quinetiam
799 2526 832 2599 in
848 2525 940 2601 lastis
952 2524 1127 2600 historicis
1142 2524 1212 2598 fieri

140 2650 285 2739 solebat,
303 2651 449 2726 dubitari
459 2651 583 2752 possit,
597 2649 642 2724 ed·
654 2666 767 2724 ntrnnr
780 2677 885 2745 genus
896 2648 1019 2750 aliquis
1027 2647 1127 2724 loeus
1136 2677 1212 2750 per·

142 2775 252 2848 tinent.
271 2778 312 2846 ln
329 2774 422 2849 fastis
439 2774 539 2847 sacris
557 2774 622 2846 hoc
640 2791 767 2847 mature
780 2772 848 2872 jam
865 2772 988 2846 factum
1008 2801 1082 2848 esse
1099 2770 1206 2846 Ovidii

140 2899 212 2972 loca
225 2899 372 2999 probant
383 2901 450 2985 vl,
469 2896 559 2990 461,
579 2896 670 2990 465,
689 2895 780 2985 563,
801 2923 888 3000 721,
908 2894 997 2998 765,
1014 2895 1100 2998 769,
1119 2920 1205 2994 77ο;

140 3022 200 3096 ubi
219 3049 270 3094 res
289 3018 416 3122 populo
435 3047 573 3092 romano
588 3018 640 3092 vel
657 3018 738 3094 laetae
754 3017 804 3094 vel
825 3018 954 3108 tristes,
977 3035 1050 3093 tum
1066 3015 1209 3090 victorin

142 3162 176 3220 et
193 3173 245 3219 res
262 3141 416 3245 preclare
437 3158 559 3238 geste,
582 3159 652 3215 tum
673 3140 801 3229 clades,
822 3139 946 3241 quibus
964 3143 1075 3216 Roma
1093 3139 1215 3214 afflicto

142 3286 208 3356 est,
228 3266 394 3355 infestis,
419 3264 543 3366 quibus
559 3264 703 3340 Ovidius
719 3293 801 3339 usus
820 3279 890 3347 est,
915 3263 1093 3363 adscriptae
1110 3260 1206 3335 tuisse

142 3392 305 3465 videntur.
323 3391 469 3465 Victoria
480 3418 510 3460 v.
523 3419 550 3461 c.
563 3389 712 3462 Postumi
725 3388 766 3461 de
775 3385 895 3486 AEquis
909 3403 942 3458 et
952 3385 1085 3461 Volscis
1096 3387 1206 3482 (Fast.

140 3515 211 3603 vl,
234 3519 328 3616 721)
348 3543 446 3614 quom
464 3513 506 3587 nd
522 3514 553 3585 11.
579 3539 619 3612 17
635 3513 714 3585 Jnn.
734 3510 780 3584 ita
797 3508 901 3583 canit:
1015 3545 1017 3549 ·

141 3747 179 3791 est
193 3734 271 3788 lrodie
288 3774 295 3799 ,
313 3733 386 3785 Jovis
405 3733 510 3802 epulum
527 3731 649 3798 croslret,
699 3731 1209 3803 norumreligioneb'estnml'ortnaeaepn'·

141 3813 344 3869 Lectisternium
365 3809 470 3863 Cereris
490 3810 540 3865 erit
560 3809 650 3863 idibus
698 3811 894 3880 migemssteoe
904 3809 1211 3863 Proenestinornrntnte·

139 3893 270 3964 proximis.
697 3886 774 3953 laris,
788 3885 972 3941 celebrandum
986 3905 1058 3953 esse,
1074 3883 1210 3939 munioni

174 3973 182 4002 ¹
202 3968 263 4022 vid.
278 3969 346 4021 Fast.
359 3967 445 4021 Praen.
460 3965 490 4018 ad
501 3965 525 4019 11.
537 3985 573 4019 rr.
583 3964 647 4033 Apr.
696 3978 785 4037 potere
794 3977 843 4021 etc.
851 3976 999 4022 motatur.
1008 3963 1091 4022 cont.
1100 3963 1211 4034 foggin

138 4050 182 4106 nti
199 4070 213 4104 e
227 4048 308 4120 patria
326 4059 353 4104 et
365 4045 489 4119 peculiari
504 4044 649 4101 Praenesti·
695 4063 752 4116 pag.
766 4046 805 4111 48.
