2692 4672
351 305 403 373 1u
427 303 611 372 ovrnrr
636 300 860 371 rasros.
1072 270 1139 400 4⁸77

76 447 201 525 talibus
216 444 419 520 lavationum
436 444 561 518 nullam
577 443 778 517 mentionem
794 470 934 544 usquam
950 441 1034 540 legi;
1059 445 1141 520 resc-

75 569 180 646 renda
196 587 306 645 autem
321 567 391 642 haec
407 584 487 641 nota
503 563 710 640 hauddubie
734 563 776 637 ad
801 563 833 637 d.
865 592 879 637 1
907 564 1056 667 Aprilis,
1081 569 1142 644 ubi

77 696 249 771 turribius
264 692 495 791 enbmsemiucs
514 692 550 765 in
570 689 697 767 balneis
722 689 823 764 lavari
841 718 954 763 omnes
971 709 1139 767 annotant.

78 819 161 920 lyd.
191 847 261 920 91,
280 817 415 893 Verrius
429 815 476 889 ad
500 815 649 922 rApn'l.
675 813 877 890 Sacrificium
902 814 1044 916 denique
1071 845 1144 892 ma-

81 962 249 1018 tronarum
266 943 301 1016 in
317 943 478 1017 honorem
494 940 592 1015 Bruti
608 957 698 1014 certo
715 967 784 1014 uon
799 957 867 1013 tam
880 937 921 1012 ad
934 939 1025 1014 hunc
1040 939 1143 1033 diem,

81 1097 179 1170 quam
187 1068 230 1142 ad
238 1066 455 1164 Regifugium
471 1064 503 1138 d.
519 1066 568 1158 24
576 1065 674 1139 Febr.
688 1065 852 1165 pertinere
862 1121 872 1152 ‚
884 1064 1025 1166 quisque
1037 1064 1142 1156 videt,

80 1220 114 1292 p.
135 1216 197 1263 101
211 1247 221 1280 ‚
237 1189 298 1264 ubi
315 1188 428 1291 Lydus
446 1217 454 1260 ε
473 1197 571 1287 πρώτη
586 1191 618 1259 δὲ
629 1196 713 1284 ἑορτὴ
724 1198 777 1262 τοῦ
794 1196 895 1261 Μαΐου
909 1196 989 1288 παρὰ
1000 1196 1142 1286 Popm'ore

82 1319 197 1413 αἱπερὶ
220 1328 346 1409 σεισμῶν
370 1320 494 1407 ἱκεσίαις
510 1312 725 1385 commutatio
746 1310 877 1385 videtur
903 1340 978 1385 cum
1002 1309 1142 1387 Kalend.

79 1439 158 1512 Jun.
183 1439 224 1512 ad
249 1465 331 1538 quas
348 1435 569 1537 Tempestatis
593 1434 690 1508 ferias
711 1435 812 1509 refert
837 1435 937 1510 ovid.
961 1438 1034 1525 Vl,
1066 1464 1142 1537 ¹9¹·

79 1560 223 1635 Nonnisi
240 1559 279 1632 de
293 1559 406 1660 priore
421 1560 515 1632 Juuii
530 1575 645 1659 parte,
664 1557 721 1632 sed
738 1558 779 1634 de
802 1575 873 1632 toto
891 1559 984 1632 Maio
1001 1559 1144 1634 Ovidius

80 1683 198 1770 edicit,
217 1682 308 1782 quod
326 1679 440 1782 Lydus
457 1680 498 1755 de
514 1697 585 1754 toto
599 1680 724 1769 lunio,
743 1679 827 1755 male
843 1679 893 1754 ibi
906 1682 1039 1782 nuptias
1052 1681 1143 1771 fieri,

81 1835 116 1907 p.
141 1830 226 1905 107,
243 1813 258 1877 ὁ
273 1808 305 1876 δὲ
316 1789 425 1885 lotione
439 1813 496 1900 μὴν
517 1807 709 1885 ἀνεπιτήδειος
725 1811 798 1902 πρὸς
811 1817 942 1900 γάμους,
959 1802 1146 1879 differentia

82 1958 100 2003 e
119 1928 260 2002 duorum
277 1926 439 2003 mensium
456 1927 699 2028 permutatione
714 1927 805 2035 haud
822 1927 924 2002 dubie
944 1946 1032 2001 nata.

131 2052 194 2124 111.
224 2053 265 2124 In
280 2050 395 2124 multis
413 2049 634 2151 scriptoribus
651 2051 749 2124 etiam
765 2078 903 2124 nummos
918 2078 987 2123 non
1002 2078 1076 2124 raro
1091 2051 1146 2126 in·
1184 2048 1186 2059 Α

84 2172 177 2269 signe
189 2173 473 2275 interpretationis
482 2170 754 2248 etillustrationis
764 2171 950 2250 subsidium
961 2200 1046 2262 esse,
1057 2173 1147 2275 apud

85 2324 200 2370 omnes
218 2324 348 2397 semper
370 2296 405 2369 in
420 2295 572 2371 confesso
592 2295 666 2369 luit.
697 2296 860 2391 Magnum
883 2323 998 2370 eorum
1023 2297 1057 2369 in
1080 2297 1147 2372 hoc

84 2418 183 2490 etiam
200 2419 341 2493 carmine
357 2446 454 2492 usum
470 2417 560 2508 fore,
579 2446 683 2519 quum
699 2416 741 2493 ad
753 2417 893 2518 patriam
904 2417 1099 2513 religionem
1114 2438 1148 2494 et

85 2555 199 2612 catera
216 2537 316 2636 hujus
333 2538 484 2615 carminis
501 2559 690 2635 argumenta
714 2540 892 2642 sepissime
915 2541 1042 2615 nummi
1070 2570 1147 2642 spe-

84 2679 173 2736 ctare
187 2657 337 2748 soleant,
355 2677 388 2733 et
403 2659 497 2736 facile
513 2662 696 2738 existimavi
711 2681 745 2737 et
758 2680 913 2765 expertus
924 2690 1016 2752 sum,
1034 2662 1076 2735 ad
1093 2664 1148 2765 ip·

85 2765 163 2859 sius⁸
172 2801 281 2858 textus
293 2782 564 2859 constitutionem
578 2783 721 2887 aliquam
734 2813 848 2859 eorum
863 2785 929 2857 vim
942 2813 1013 2858 esse
1027 2786 1146 2860 merito

86 2935 282 3007 magnopere
299 2904 456 3002 gaudens.
472 2906 669 3008 speciminis
682 2936 778 2983 causa
792 2935 830 2981 ex
841 2908 907 2982 hoc
920 2909 1018 2983 etiam
1031 2937 1153 3006 genere,

85 3028 158 3103 loca
174 3030 320 3129 quadam
336 3057 528 3131 percensere
545 3027 651 3104 liceat.
1030 3120 1033 3124 Ι

135 3153 230 3226 Fnst.
252 3153 330 3240 VI,
351 3153 432 3228 803.
450 3153 617 3255 (Marcia,
636 3156 770 3256 sacrifico
787 3156 948 3231 deductum
973 3181 1078 3229 nornen
1106 3155 1148 3230 ab

89 3273 219 3372 Anco).
233 3275 351 3348 Marcii
368 3277 518 3379 Philippi
537 3277 664 3372 generis
681 3277 890 3351 nobilitatem
905 3278 947 3351 ab
962 3279 1057 3351 llnco
1072 3305 1149 3372 rege

88 3414 263 3499 repetunt,
290 3425 388 3497 quam
403 3401 579 3475 vanitatem
597 3419 710 3496 gentes
727 3400 762 3472 in
777 3399 921 3474 nummis
937 3400 1075 3474 maxime
1094 3430 1150 3475 er·

87 3523 226 3624 primere
242 3520 394 3596 solebant
407 3523 549 3621 (Ekhel.
570 3544 648 3600 tom.
660 3526 701 3613 V,
713 3552 746 3624 p.
759 3523 840 3624 89).
857 3527 903 3597 Ut
917 3525 1018 3620 igitur
1041 3525 1150 3601 Caesar

86 3645 194 3742 (Suet.
204 3640 272 3717 Jul.
289 3643 327 3743 6)
339 3643 425 3743 idem
435 3644 474 3718 de
484 3644 619 3719 Marciis
627 3647 762 3743 regibus
772 3647 945 3748 praelicat,
962 3648 1008 3723 ita
1021 3649 1147 3724 nummi

87 3766 194 3862 gentis
213 3766 346 3840 Marciae
361 3768 489 3843 Ancum
503 3796 612 3863 regem
628 3797 703 3842 cum
713 3773 825 3846 Numa
840 3799 900 3844 avo
915 3789 1080 3870 tamquam
1096 3798 1148 3844 ca-

85 3890 157 3990 pita
172 3889 285 3988 jugata
301 3890 421 3965 referre
439 3888 547 3966 solent
562 3888 707 3990 (Ekhel.
727 3893 868 3970 doctrin.
889 3921 1051 3968 nummor.
1071 3909 1094 3966 t
1108 3895 1148 3983 V,

90 4041 165 4112 aas·
186 4009 293 4108 246).
