2692 4672
136 315 181 406 96

420 314 459 379 P.
488 313 665 383 OVIDII
684 310 910 382 NASONIS

187 452 326 541 Cantat,
344 469 378 526 et
395 479 559 553 aequomas
577 452 719 525 carmine
738 451 859 527 mulcet
874 478 986 553 aquas.

140 569 185 641 Di
201 569 255 671 pia
271 568 356 641 sacta
373 567 485 641 vident
500 597 508 640 :
525 566 622 641 astris
640 566 795 668 delphina
811 568 936 668 recepit

187 682 339 783 Jupiter,
358 699 392 757 et
408 681 518 755 stellas
532 682 632 781 jussit
645 683 767 756 babere
783 706 911 754 novem.

138 797 243 870 NUNC
259 797 340 871 mibi
357 796 446 873 mille
463 806 585 885 sonos,
605 824 738 898 quoqne
753 814 804 872 est
818 815 1017 871 memoratos
1034 793 1218 873 Achilles.

187 911 333 1002 Vellem,
352 914 535 1000 Meonide,
553 931 668 1014 pectus
684 915 790 988 inesse
809 931 927 1001 tuum3

1155 941 1216 987 120

140 1028 228 1102 Dum
245 1031 392 1103 canimus
410 1055 517 1103 sacras
532 1026 659 1102 alterno
672 1028 813 1102 carmine
826 1030 957 1114 Nonas,

189 1146 355 1218 Maximus
371 1144 448 1216 binc
466 1142 573 1216 Fastis
589 1140 814 1216 accumulatur
830 1143 950 1216 bonos.

139 1259 258 1334 Deficit
275 1259 462 1354 ingenium,
479 1257 667 1359 majoraque
685 1257 812 1331 viribus
829 1260 970 1354 urgent:

187 1379 267 1450 Haec
283 1373 364 1448 mibi
381 1374 548 1474 precipuo
565 1391 616 1447 est
633 1401 689 1446 ore
707 1373 850 1446 canenda
868 1373 949 1448 dies.

140 1493 233 1590 Quid
249 1490 340 1564 volui
357 1490 490 1563 demens
508 1487 620 1584 Elegis
637 1490 806 1589 imponere
825 1508 953 1563 tantum
1153 1506 1192 1561 125

189 1607 377 1681 Ponderis?
391 1606 485 1679 heroi
503 1633 555 1678 res
572 1622 642 1678 erat
656 1605 719 1678 ista
732 1604 837 1704 pedis.

141 1723 258 1794 Sancte
277 1722 374 1793 Pater
389 1720 518 1820 patriae,
537 1719 599 1792 tibi
615 1718 732 1819 plebs,
752 1719 813 1790 tibi
832 1718 931 1792 Curia
945 1746 1071 1793 nomen

141 1893 196 1938 not.
203 1883 423 1938 nostr.Taubner.
430 1891 648 1973 gutatstntepre-

139 1967 246 2030 iimpue
261 1959 328 2014 sorte
342 1971 470 2030 praeposit
488 1963 536 2022 ad,
553 1961 646 2019 ir‚'ob

139 2040 268 2093 ominem.
282 2039 646 2108 lmmoalterumestelegan-

140 2117 429 2186 tius.-Mulceiaquas:
438 2115 497 2168 vide
507 2114 540 2167 ad
549 2116 561 2168 Ι
571 2154 579 2180 ,
592 2117 645 2167 ι55.

141 2195 214 2250 -De
224 2195 282 2250 lect.
291 2201 402 2248 camelae
409 2194 467 2247 vide
476 2193 508 2246 ad
517 2213 582 2247 vers.
593 2211 646 2245 121.

140 2272 358 2338 -Wdeutsacta,
367 2272 396 2324 iis
403 2270 575 2336 delectantur,
584 2289 647 2339 pre·

140 2353 199 2405 miis
209 2370 241 2404 ea
252 2349 416 2401 afficiunt·
426 2350 532 2414 Recepi!
540 2351 647 2414 Jupiter.

143 2431 242 2503 Hygin.
251 2428 281 2480 P.
293 2426 326 2480 Δ.
334 2426 468 2493 utrologis
475 2426 525 2479 boc
535 2427 632 2479 tribuit.

177 2507 300 2579 rig-144.
315 2507 398 2560 Nouis
414 2506 547 2572 Angustus
563 2507 649 2557 Patris

141 2588 234 2638 Pain'e
248 2605 334 2638 romeu
349 2587 454 2652 accepit.
471 2583 523 2636 Hic
537 2583 649 2637 excurrit

144 2667 170 2717 in
179 2661 269 2718 laudea
280 2662 405 2732 Augusti,
416 2663 500 2732 iisque
510 2660 575 2714 adeo
583 2679 649 2730 prae·

141 2741 236 2795 claram
256 2738 478 2810 prefatiunculam
496 2738 647 2810 premittit,

142 2839 193 2888 qua
200 2819 311 2888 dignitas
320 2818 358 2870 rei
365 2818 498 2885 sequentis
511 2816 593 2867 valide
602 2835 649 2867 au-

144 2897 334 2964 getur-Mille
342 2912 425 2947 sonos.
434 2895 486 2946 Alii
496 2902 649 2959 poetaecen-

54 3040 60 3047 ,
144 2985 201 3028 tum
210 2991 256 3025 ora
265 2982 423 3039 centumque
432 2968 649 3038 linguassibidari

144 3053 172 3105 in
183 3070 212 3104 re
224 3048 301 3102 simili
313 3049 429 3115 cupiunt.
442 3047 552 3099 Homer.
566 3045 596 3098 ΙΙ.
608 3047 648 3113 Β,

144 3129 205 3197 488;
216 3128 289 3196 Virg.
298 3124 394 3194 Georg.
405 3125 446 3189 ll,
459 3126 488 3189 4²
499 3143 505 3185 ;
517 3123 580 3176 AEn.
591 3123 649 3191 Vl,

143 3208 201 3262 625.
209 3205 244 3259 Et
255 3205 281 3258 b.
292 3205 310 3258 l.
321 3214 413 3256 votum
426 3200 489 3254 illud
500 3201 593 3253 melius
603 3200 651 3252 ad·

143 3285 272 3351 bibitum,
287 3300 367 3352 quam
379 3280 447 3336 vtlt
459 3280 570 3334 Metam.
585 3279 648 3345 532,

143 3362 172 3414 in
193 3363 243 3415 levi
260 3372 424 3430 argumento.
435 3386 468 3400 -
480 3360 649 3420 minoratus,

145 3439 274 3493 memoria
284 3440 341 3506 eius
355 3439 490 3492 celebrata.
501 3464 534 3478 -
544 3438 652 3489 Mneui-

145 3520 190 3570 des
201 3518 381 3571 antistamus
394 3518 529 3568 Homerus
542 3514 653 3568 dictnn

147 3591 278 3665 Smyrna,
300 3593 442 3659 Meeoniae,
462 3590 489 3643 id
503 3598 546 3644 'est
564 3589 652 3661 Lydiae

147 3674 220 3727 urbe.
229 3674 296 3728 Plio.
304 3673 373 3726 Hiet.
383 3671 443 3724 Nat
453 3671 488 3736 V,
497 3672 545 3731 tm
558 3670 652 3724 Horat.

147 3752 176 3817 l,
190 3750 295 3817 Odvr,
309 3770 337 3815 a,
350 3749 456 3801 ticonii
463 3753 583 3800 caminis
591 3753 653 3801 ales.

147 3831 293 3884 -Altmo
301 3831 412 3880 carmine
421 3842 490 3877 nose
498 3825 586 3878 multis
595 3826 652 3881 cod.

147 3919 174 3962 et
180 3908 221 3963 ed.
230 3918 284 3963 ant
292 3905 478 3970 revocavimus,
487 3923 568 3973 quum
577 3916 653 3959 antea

148 3988 246 4039 alterno
259 3986 359 4051 pectine
373 3980 529 4049 vulgaretur.
548 3983 654 4036 Aliemo

145 4066 344 4125 pertineam
354 4059 439 4129 potius
449 4057 532 4127 foret,
546 4077 653 4115 carmen

695 1881 806 1954 lyricum
814 1883 925 1935 scribere
936 1901 989 1951 quo
1001 1902 1073 1938 nunc
1084 1884 1192 1955 gravitr,

695 1978 768 2012 nunc
782 1960 913 2013 remissius
928 1971 1116 2029 argumentum
1129 1971 1195 2015 tnt-

694 2049 772 2092 tatur.
779 2041 831 2092 Pro
840 2041 986 2110 argumenti
994 2043 1068 2094 enirn
1078 2044 1196 2096 varietate

693 2137 765 2170 nunc
775 2121 854 2170 leuius
861 2117 873 2188 (
880 2119 972 2171 Horat.
981 2119 1008 2172 ll
1017 2159 1024 2185 ,
1034 2119 1089 2173 0d.
1098 2137 1125 2188 1,
1138 2121 1197 2189 io),

694 2214 765 2248 nunc
773 2201 875 2262 grauius
884 2195 975 2263 (ldem
984 2195 1036 2263 lV,
1045 2195 1197 2265 0d,n,33;

695 2275 720 2327 X
737 2274 846 2327 Metam.
863 2278 909 2328 150
920 2277 946 2342 ),
963 2279 1106 2342 plectrum,
1130 2276 1199 2345 cuim

695 2351 895 2420 speciespecier,
912 2350 1091 2406 adhibebatur.
1105 2353 1202 2407 incur*-

696 2431 768 2483 mine
783 2441 871 2484 autem
889 2431 1002 2502 elegiaco
1016 2437 1129 2499 pecieirr's
1144 2452 1201 2487 usus

696 2519 734 2562 est
746 2509 839 2563 nullus.
851 2508 904 2564 Sed
916 2529 1014 2563 carmen
1026 2529 1099 2565 nune
1111 2523 1150 2566 est
1160 2531 1203 2584 ge·

697 2607 746 2641 nus
754 2607 884 2642 versuum.
895 2587 951 2657 Qui
958 2590 1037 2659 igitur
1043 2589 1125 2642 modo
1132 2590 1204 2643 bera·

697 2678 827 2732 metrum,
840 2666 921 2718 ruodo
934 2677 1131 2735 pentametrum
1143 2668 1205 2721 scri-

696 2744 750 2810 bit,
761 2744 782 2796 is
790 2747 887 2794 alterno
895 2749 1004 2796 carmine
1011 2745 1081 2797 cauit
1088 2783 1098 2811 ,
1105 2756 1166 2810 aut,
1177 2753 1205 2797 ut

698 2819 840 2884 Horatius,
858 2819 915 2870 Art.
929 2821 1002 2874 Poet.
1015 2826 1061 2890 75,
1073 2820 1205 2891 loquitur,

697 2899 809 2950 wsr'bns
820 2899 948 2962 inpariter
950 2899 1056 2964 junctis.
1076 2896 1205 2968 Excnw

699 2975 798 3027 [ioum
807 2971 833 3025 b.
843 2973 859 3025 Ι.
862 2984 974 3041 pectore,
984 2974 1053 3046 quod
1061 2985 1156 3029 natum
1165 2971 1216 3029 νὶ-ι

699 3052 814 3103 deturex
824 3054 932 3106 nomine
939 3064 1028 3121 pectus
1038 3056 1065 3107 in
1075 3074 1132 3124 sup.
1140 3072 1204 3109 ven.

700 3127 766 3182 lnde
778 3131 899 3184 nonnulli
907 3139 1005 3199 pectine
1015 3132 1143 3186 fecerunt.
1151 3132 1205 3186 Po-

699 3205 749 3257 tius
757 3224 822 3258 vers.
836 3208 881 3259 uli
890 3249 897 3274 ,
906 3226 937 3261 ex
947 3210 1205 3276 Vaticpeciineml·

699 3292 740 3334 cei
749 3283 915 3338 scribendum
924 3285 1203 3355 ridetur-Precipue

700 3380 756 3428 ore,·
769 3361 842 3434 Virg.
853 3364 912 3430 ΙΙΙ,
923 3367 978 3433 294.
991 3385 1004 3409 ι
1017 3363 1113 3429 Nunc,
1126 3380 1205 3419 vett*

701 3461 714 3486 κ
727 3438 808 3493 rande
818 3441 892 3494 Pales
901 3481 909 3508 ,
919 3457 1015 3508 magno
1026 3456 1098 3490 nunc
1107 3458 1204 3496 orw-

701 3536 714 3562 ›·
727 3517 880 3570 nandum.»
897 3517 961 3569 Haec
972 3513 1009 3565 rei
1022 3517 1203 3585 magnitudine

701 3597 822 3668 abreptus
840 3596 946 3649 dixerat.
962 3592 1024 3645 Jam
1041 3598 1139 3665 sentit,
1155 3597 1205 3650 tale

701 3684 884 3743 argumentum
896 3687 950 3722 non
959 3673 1100 3725 convenire
1113 3673 1204 3744 elegis:

701 3753 787 3823 itaque
793 3749 1012 3819 corrigitsemox
1021 3762 1108 3806 tamen
1117 3768 1205 3806 ruraue

702 3829 809 3897 assurgit
820 3826 910 3879 oratio.
921 3853 954 3866 -
961 3830 1059 3881 Heroas
1064 3847 1112 3897 pes
1125 3829 1205 3882 etiam

702 3905 760 3957 alibi
770 3943 778 3969 ,
790 3914 819 3956 ut
832 3904 872 3956 lv
884 3903 963 3960 Trist.
975 3923 1007 3974 x,
1022 3909 1061 3974 47.
1078 3907 1138 3960 Hoc
1147 3906 1205 3959 loco

702 3979 809 4050 quidam
818 3983 917 4036 heroici.

738 4078 791 4129 ¹²⁷·
809 4058 892 4116 Nonis
903 4060 981 4119 Febr.
994 4062 1048 4116 sire
1058 4060 1100 4115 die
1113 4061 1205 4167 (μήπω
