2692 4672
190 347 256 434 ιιι
470 349 511 417 r.
538 350 717 420 ovmu
742 350 976 423 ursolus

189 487 353 563 Adliciunt
370 515 507 562 somnos
523 506 674 591 tempus,
688 507 885 592 motusque,
902 519 1119 595 merumque;

240 606 392 704 Potaque
410 633 444 678 se
461 605 570 679 Tibur
588 606 686 679 turba
703 607 810 681 redire
826 626 936 709 putat.

190 720 330 818 Jamque
346 745 406 818 per
422 718 590 818 Esquilias
607 749 778 795 romanam
795 723 974 797 intraverat
991 722 1132 815 urbem;

239 835 285 905 Et
302 862 397 906 mane
415 835 450 908 in
467 834 577 909 medio
593 834 741 937 plaustra
758 835 853 910 liuere
865 836 952 910 foro.

191 945 360 1035 Plautius,
379 966 418 1022 ut
434 968 574 1050 possent
588 950 697 1050 specie
711 977 919 1050 numeroque
936 967 1090 1025 senatum
1214 971 1259 1024 uas

239 1060 386 1152 Fallere,
403 1067 557 1166 personis
574 1066 715 1166 imperat
734 1094 793 1139 ora
810 1065 876 1160 tegi
891 1094 900 1155 3

190 1177 427 1282 Admiseetque
445 1181 528 1257 alios
541 1211 550 1269 3
568 1201 620 1268 et,
635 1200 673 1256 ut
687 1182 779 1255 hunc
796 1182 933 1256 tibicina
947 1199 1071 1256 coetum

239 1296 392 1391 Augeat,
410 1296 445 1370 in
464 1296 576 1394 longis
592 1299 741 1374 vestibus
758 1299 806 1373 ire
821 1299 926 1398 jubet.

194 1410 248 1485 sie
264 1413 401 1489 reduces
416 1414 501 1490 bene
516 1444 616 1517 posse
635 1416 723 1510 tegie
740 1444 782 1489 ne
799 1415 885 1489 sorte
903 1432 1064 1489 notentur

242 1530 367 1603 Contra
385 1531 517 1628 college
533 1535 624 1633 jussa
639 1532 764 1606 redisse
780 1530 841 1604 sui.

191 1647 260 1721 Res
277 1646 423 1747 placuit;
441 1650 600 1747 cultuque
617 1677 704 1721 novo
720 1648 798 1720 licet
813 1643 932 1717 Idibus
947 1643 1020 1734 uti;

239 1765 285 1835 Et
302 1790 416 1836 canere
433 1762 474 1837 ad
491 1780 615 1837 veteres
633 1763 732 1837 rerba
747 1762 860 1861 jocosa
875 1758 1004 1832 modos.

190 1932 349 1991 substantive
361 1945 489 1988 occurrat.
501 1935 590 2006 Vulgo
606 1935 701 2005 legitur
750 1933 795 2003 qui
814 1931 847 1985 ad
864 1950 955 1986 sanam
972 1939 1096 1984 mentem
1120 1930 1259 1986 redieruut.

190 2018 288 2080 scirpea
299 2016 371 2075 lata,
382 2011 454 2065 unde
465 2012 580 2083 Scaliger
591 2025 617 2068 et
636 2014 702 2066 Μιι-
751 2011 848 2079 Rejicit
863 2009 913 2063 boc
924 2010 1034 2063 Vossius
1045 2049 1054 2079 ,
1074 2011 1138 2080 quia
1154 2011 1259 2081 primam

191 2101 265 2144 retus
274 2095 374 2157 scirpea
389 2097 471 2144 matta
483 2091 542 2144 fieri
558 2091 701 2156 volebant,
748 2089 873 2162 syllabam
890 2087 1013 2158 producit
1035 2108 1042 2142 ε
1060 2098 1156 2143 tuetur
1173 2090 1258 2143 licin-

193 2182 221 2224 at
231 2176 313 2223 motta
324 2170 429 2227 serioris
443 2171 493 2225 sevi
504 2190 553 2224 vox
564 2181 610 2225 est.
629 2171 703 2243 Gry·
749 2170 818 2234 sius,
832 2169 894 2238 quia
909 2186 993 2237 quum
1016 2166 1141 2222 tibicines
1157 2188 1205 2238 per
1219 2188 1259 2222 se·

192 2246 248 2315 pbii
260 2246 323 2301 edit.
334 2247 362 2300 in
381 2249 518 2319 margine,
534 2256 633 2317 scirpea
642 2252 702 2300 lar·
750 2257 843 2301 natum
856 2246 960 2316 repetiti
972 2245 1040 2313 sint,
1055 2264 1115 2300 non
1129 2265 1195 2317 opus
1206 2246 1260 2299 sue·

190 2344 242 2387 sas
255 2324 382 2381 Heinsius
388 2327 496 2395 conjicit
506 2333 605 2395 scirpea
620 2335 703 2380 strata
750 2328 786 2380 rit
796 2323 989 2391 seratumsellr'.
1001 2324 1108 2378 Verum
1123 2326 1205 2380 etiam
1217 2345 1258 2381 sc·

186 2402 248 2468 satit.
260 2405 302 2458 De
313 2411 413 2474 scirpea
422 2406 510 2461 vareo
518 2404 550 2459 de
561 2405 635 2475 Ling.
645 2405 700 2459 Lat.
753 2407 858 2478 quentia
874 2405 986 2471 docent,
998 2403 1132 2459 Ovidium
1149 2418 1261 2461 secutum

191 2485 234 2538 lV
252 2504 259 2538 ι
275 2507 288 2532 ιι
307 2505 365 2555 quae
382 2485 460 2557 virgis
483 2484 599 2557 sipatur,
618 2485 645 2538 id
664 2497 702 2540 est
752 2506 806 2539 esse
819 2483 1135 2549 auctorem,secundum
1146 2503 1226 2554 quem
1238 2483 1262 2536 ti·

192 2585 209 2610 u
220 2564 365 2635 colligendo
373 2566 523 2635 implicatur
531 2603 539 2633 ,
547 2566 575 2621 in
583 2575 702 2635 quaster-
752 2563 850 2616 bicines
862 2572 936 2615 caute
944 2559 1044 2612 suerint
1055 2560 1262 2630 reducendi,in·

192 2664 207 2690 ι·
218 2664 263 2698 cus
278 2643 380 2698 aliudve
389 2643 453 2714 quid
465 2643 592 2698 evehitur.
605 2667 617 2689 a
630 2641 703 2696 Scir·
752 2639 805 2692 scio
817 2639 898 2692 etiam
913 2649 1005 2691 senatu
1022 2657 1029 2691 ι
1045 2637 1125 2691 aliter
1141 2634 1262 2693 sane'ls'-

191 2721 703 2792 peamigiturlieinsiusait,nuncplau-
751 2718 816 2771 vius.
830 2719 965 2772 Puteanus
981 2719 1086 2769 deorum
1106 2712 1220 2782 erbilset,
1232 2723 1262 2768 nt

190 2811 245 2852 stro
263 2800 464 2854 insternendam
485 2801 579 2867 luisse,
596 2818 632 2853 ue
650 2819 701 2852 re·
752 2796 885 2866 personati
906 2795 1019 2848 deorum
1038 2794 1152 2867 sigim
1170 2811 1261 2865 gesae-

190 2888 276 2931 ctores
288 2889 376 2931 essent
385 2880 536 2950 conspicui,
549 2890 576 2933 et
586 2889 702 2934 utcum-
750 2874 1027 2943 rintel'r'bicr‘upro
1035 2872 1263 2945 plurali-Longis

190 2957 295 3010 modius
311 2967 460 3011 sterterent.
479 2957 611 3010 Plutarch.
626 2967 706 3011 notat
750 2954 805 3007 sive
826 2952 999 3007 muliebribus
1014 2958 1127 3007 sestr'bus
1145 2951 1261 3022 plerique

192 3037 703 3112 ἆμάξαςδὲρῤισικὺιιλῳπερικαλυπτομένας,
750 3031 806 3100 iam
825 3043 910 3098 ante,
935 3049 1016 3099 quam
1036 3031 1261 3101 deportarentur,

191 3115 306 3185 plaustra
319 3113 428 3183 pellibus
439 3115 643 3182 circumquaque
655 3114 704 3167 ob-
752 3121 830 3164 erant
852 3111 938 3163 amicti
961 3121 1072 3179 propter
1091 3110 1260 3164 comessatio-

191 3204 267 3248 tecta.
275 3193 319 3248 Sic
327 3193 458 3264 deportati
467 3203 542 3258 sunt,
551 3215 564 3239 u
571 3214 621 3248 nec
631 3196 702 3264 prius
752 3207 817 3241 nem
826 3210 833 3252 ;
843 3187 1051 3240 Plutarch-Ire
1058 3207 1108 3257 pro
1117 3207 1176 3241 esse
1184 3187 1260 3240 Heio·

191 3293 207 3318 ιι
218 3291 341 3340 sensere,
356 3291 455 3340 quam,
470 3273 590 3342 plaustris
604 3272 631 3324 in
644 3272 703 3325 soro
753 3270 806 3323 sius
817 3287 848 3321 ex
864 3267 966 3320 duobus
977 3269 1054 3323 codd.
1075 3280 1104 3324 et
1119 3269 1181 3322 edit.
1200 3267 1259 3320 Gri-

192 3369 207 3394 ιι
219 3349 333 3417 relictis,
351 3349 442 3420 plenos
462 3350 574 3419 crapulae
598 3370 642 3404 eos
660 3350 703 3403 lux
753 3346 1031 3418 pbiirecepit.·-ldem
1040 3368 1169 3403 moseum
1177 3349 1261 3401 Ham-

192 3447 208 3475 »
222 3428 366 3496 oppressi13
380 3452 394 3475 ιι
412 3429 508 3481 Livius.
550 3440 555 3447 ⁴
751 3424 826 3494 burg.
844 3426 907 3476 libet
921 3423 1038 3494 invexit,
1053 3445 1215 3496 quamquam
1234 3436 1260 3479 et

223 3506 280 3559 685.
293 3509 410 3559 Plautius
421 3517 460 3560 est
473 3506 649 3574 econjectura
656 3507 703 3559 Pi·
746 3505 825 3573 juva!
838 3521 901 3555 cum
917 3503 1064 3557 Oxoniensi
1080 3515 1109 3558 et
1128 3524 1184 3559 uno
1200 3506 1259 3556 Va-

194 3583 266 3655 glrii,
290 3585 397 3653 probata
419 3586 499 3638 etiam
522 3586 651 3648 Heinsio,
673 3595 703 3636 ut
751 3581 838 3635 ticano
854 3582 972 3646 volebat;
989 3600 1037 3650 ego
1054 3587 1119 3635 licet
1136 3582 1257 3637 revooevi.

193 3662 312 3717 Plautius
320 3661 427 3730 intellig.
436 3663 618 3733 collegaAppii
627 3661 703 3714 Clau·
752 3659 858 3714 Livius:
872 3663 1106 3730 «impetratoque,
1120 3675 1150 3716 ut
1163 3682 1258 3716 mane-

192 3739 244 3806 dii,
259 3741 303 3808 qui
316 3758 423 3808 operam
440 3740 558 3806 dederit,
571 3751 600 3792 ut
613 3739 703 3792 tibici-
753 3760 768 3787 ιι
780 3750 853 3806 rent,
865 3739 954 3792 datum
964 3779 971 3805 ,
981 3748 1009 3792 ut
1017 3740 1138 3795 triduum
1145 3753 1256 3811 quotan-

192 3839 239 3872 nes
253 3819 457 3872 restituerentur
471 3836 478 3869 :
493 3819 556 3870 olim
573 3818 701 3871 edebatur
753 3839 767 3865 ιι
780 3820 820 3872 nis
830 3821 930 3885 ornati,
943 3839 1004 3873 cum
1015 3833 1098 3876 cantu
1110 3835 1186 3892 atque
1199 3822 1253 3887 bac,

194 3900 332 3961 Claudium·
342 3895 417 3950 codd.
431 3897 552 3948 nonnulli
565 3898 701 3949 :Callidus
753 3919 768 3946 ιι
780 3916 838 3966 quae
857 3917 928 3951 nunc
941 3899 1067 3953 solemnis
1084 3914 1138 3969 est,
1157 3901 1258 3955 licentia

192 3983 236 4025 aut
249 3980 357 4027 cautius.
371 3973 569 4043 Pighiusetiam
575 3982 665 4039 posset
674 3973 702 4024 in
753 3997 768 4023 ιι
780 3994 827 4044 per
837 3977 931 4029 urbem
950 3989 1119 4048 vagarentur.
1132 4001 1145 4026 s
1158 3979 1260 4033 Secun-

189 4062 296 4118 possent
306 4053 431 4118 mutavit,
445 4064 471 4105 et
486 4063 612 4122 preterea
623 4072 704 4105 sana·
753 4054 818 4108 dum
832 4054 1018 4124 Plutarchum,
1032 4056 1059 4110 id
1074 4057 1212 4112 decretum
1224 4066 1260 4110 est

192 4134 245 4182 tum
263 4124 342 4186 sumit
360 4151 375 4185 a
397 4132 562 4187 nominativo
581 4143 701 4201 sanares,
753 4143 890 4202 asenatu,
903 4135 1080 4205 isoptetmts
1096 4124 1182 4212 ἷμίμν
1200 4139 1260 4192 isai·
