<?xml version="1.0" encoding="UTF-8"?>
<!DOCTYPE html PUBLIC "-//W3C//DTD XHTML 1.0 Transitional//EN"
    "http://www.w3.org/TR/xhtml1/DTD/xhtml1-transitional.dtd">
<html xmlns="http://www.w3.org/1999/xhtml" xml:lang="en" lang="en">
 <head>
  <title>
</title>
<meta http-equiv="Content-Type" content="text/html;charset=utf-8" />
  <meta name='ocr-system' content='tesseract 3.04.00' />
  <meta name='ocr-capabilities' content='ocr_page ocr_carea ocr_par ocr_line ocrx_word'/>
</head>
<body>
  <div class='ocr_page' id='page_1' title='image "./publiiovidiinas08massgoog/publiiovidiinas08massgoog_0494.png"; bbox 0 0 2692 4672; ppageno 0'>
   <div class='ocr_carea' id='block_1_1' title="bbox 408 379 1192 472">
    <p class='ocr_par' dir='ltr' id='par_1_1' title="bbox 408 379 1192 472">
     <span class='ocr_line' id='line_1_1' title="bbox 408 379 1192 472; baseline -0.004 -21"><span class='ocrx_word' id='word_1_1' title='bbox 408 383 460 451; x_wconf 89' lang='lat' dir='ltr'>IN</span> <span class='ocrx_word' id='word_1_2' title='bbox 483 381 668 451; x_wconf 89' lang='lat' dir='ltr'>OVIDll</span> <span class='ocrx_word' id='word_1_3' title='bbox 692 379 917 448; x_wconf 85' lang='lat' dir='ltr'><strong>FASTOS.</strong></span> <span class='ocrx_word' id='word_1_4' title='bbox 1125 380 1192 472; x_wconf 74' lang='grc'>489</span> 
     </span>
    </p>
   </div>
   <div class='ocr_carea' id='block_1_2' title="bbox 302 568 866 641">
    <p class='ocr_par' dir='ltr' id='par_1_2' title="bbox 302 568 866 641">
     <span class='ocr_line' id='line_1_2' title="bbox 302 568 866 641; baseline -0.007 -15"><span class='ocrx_word' id='word_1_5' title='bbox 302 569 437 626; x_wconf 71' lang='lat' dir='ltr'>Continuo</span> <span class='ocrx_word' id='word_1_6' title='bbox 450 570 557 641; x_wconf 81' lang='lat' dir='ltr'>delphin</span> <span class='ocrx_word' id='word_1_7' title='bbox 570 580 647 625; x_wconf 85' lang='lat' dir='ltr'>nocte</span> <span class='ocrx_word' id='word_1_8' title='bbox 659 568 788 625; x_wconf 77' lang='lat' dir='ltr'>videndus</span> <span class='ocrx_word' id='word_1_9' title='bbox 799 569 866 637; x_wconf 83' lang='lat' dir='ltr'>erit,</span> 
     </span>
    </p>
   </div>
   <div class='ocr_carea' id='block_1_3' title="bbox 134 710 1199 1163">
    <p class='ocr_par' dir='ltr' id='par_1_3' title="bbox 134 710 1199 1163">
     <span class='ocr_line' id='line_1_3' title="bbox 134 710 1199 821; baseline -0.008 -27"><span class='ocrx_word' id='word_1_10' title='bbox 134 716 229 821; x_wconf 91' lang='lat' dir='ltr'>quod</span> <span class='ocrx_word' id='word_1_11' title='bbox 243 733 277 790; x_wconf 90' lang='lat' dir='ltr'>et</span> <span class='ocrx_word' id='word_1_12' title='bbox 292 715 326 789; x_wconf 90' lang='lat' dir='ltr'>h.</span> <span class='ocrx_word' id='word_1_13' title='bbox 344 715 366 789; x_wconf 89' lang='lat' dir='ltr'>l.</span> <span class='ocrx_word' id='word_1_14' title='bbox 382 715 423 789; x_wconf 89' lang='lat' dir='ltr'>de</span> <span class='ocrx_word' id='word_1_15' title='bbox 432 733 506 790; x_wconf 89' lang='lat' dir='ltr'>ortu</span> <span class='ocrx_word' id='word_1_16' title='bbox 517 713 703 815; x_wconf 83' lang='lat' dir='ltr'>acronycho</span> <span class='ocrx_word' id='word_1_17' title='bbox 717 712 858 809; x_wconf 78' lang='lat' dir='ltr'>intelligi</span> <span class='ocrx_word' id='word_1_18' title='bbox 871 710 980 785; x_wconf 88' lang='lat' dir='ltr'>debet.</span> <span class='ocrx_word' id='word_1_19' title='bbox 995 710 1120 785; x_wconf 86' lang='lat' dir='ltr'>Similia</span> <span class='ocrx_word' id='word_1_20' title='bbox 1131 711 1199 786; x_wconf 85' lang='lat' dir='ltr'>sere</span> 
     </span>
     <span class='ocr_line' id='line_1_4' title="bbox 134 827 1199 933; baseline -0.008 -27"><span class='ocrx_word' id='word_1_21' title='bbox 134 835 205 909; x_wconf 90' lang='lat' dir='ltr'>loca</span> <span class='ocrx_word' id='word_1_22' title='bbox 220 851 317 918; x_wconf 88' lang='lat' dir='ltr'>suut,</span> <span class='ocrx_word' id='word_1_23' title='bbox 336 834 377 920; x_wconf 92' lang='lat' dir='ltr'>V,</span> <span class='ocrx_word' id='word_1_24' title='bbox 397 830 485 933; x_wconf 81' lang='lat'>733,</span> <span class='ocrx_word' id='word_1_25' title='bbox 505 851 537 906; x_wconf 90' lang='lat' dir='ltr'>et</span> <span class='ocrx_word' id='word_1_26' title='bbox 551 834 618 917; x_wconf 88' lang='lat' dir='ltr'>Vl,</span> <span class='ocrx_word' id='word_1_27' title='bbox 638 830 708 903; x_wconf 86' lang='lat'>235</span> <span class='ocrx_word' id='word_1_28' title='bbox 721 833 816 932; x_wconf 87' lang='lat' dir='ltr'>(vide</span> <span class='ocrx_word' id='word_1_29' title='bbox 832 827 929 906; x_wconf 80' lang='lat' dir='ltr'>Psall-</span> <span class='ocrx_word' id='word_1_30' title='bbox 948 856 982 929; x_wconf 86' lang='lat' dir='ltr'>p.</span> <span class='ocrx_word' id='word_1_31' title='bbox 1001 829 1047 928; x_wconf 75' lang='grc'>74</span> <span class='ocrx_word' id='word_1_32' title='bbox 1064 844 1130 927; x_wconf 74' lang='lat' dir='ltr'>etp</span> <span class='ocrx_word' id='word_1_33' title='bbox 1170 830 1199 924; x_wconf 87' lang='lat'>),</span> 
     </span>
     <span class='ocr_line' id='line_1_5' title="bbox 135 941 1199 1049; baseline -0.01 -23"><span class='ocrx_word' id='word_1_34' title='bbox 135 953 196 1026; x_wconf 92' lang='lat' dir='ltr'>uhi</span> <span class='ocrx_word' id='word_1_35' title='bbox 220 953 337 1024; x_wconf 72' lang='lat' dir='ltr'>Bootae</span> <span class='ocrx_word' id='word_1_36' title='bbox 361 976 497 1021; x_wconf 81' lang='lat' dir='ltr'><strong>occasus</strong></span> <span class='ocrx_word' id='word_1_37' title='bbox 518 947 702 1022; x_wconf 89' lang='lat' dir='ltr'>matutinus</span> <span class='ocrx_word' id='word_1_38' title='bbox 726 948 781 1023; x_wconf 89' lang='lat' dir='ltr'>bis</span> <span class='ocrx_word' id='word_1_39' title='bbox 796 947 974 1049; x_wconf 88' lang='lat' dir='ltr'>repetitur,</span> <span class='ocrx_word' id='word_1_40' title='bbox 992 959 1026 1016; x_wconf 92' lang='lat' dir='ltr'>et</span> <span class='ocrx_word' id='word_1_41' title='bbox 1042 941 1140 1017; x_wconf 90' lang='lat' dir='ltr'>semel</span> <span class='ocrx_word' id='word_1_42' title='bbox 1157 942 1199 1015; x_wconf 93' lang='lat' dir='ltr'>ad</span> 
     </span>
     <span class='ocr_line' id='line_1_6' title="bbox 135 1056 1198 1163; baseline -0.01 -23"><span class='ocrx_word' id='word_1_43' title='bbox 135 1070 272 1150; x_wconf 81' lang='lat' dir='ltr'>llomae,</span> <span class='ocrx_word' id='word_1_44' title='bbox 290 1062 390 1136; x_wconf 89' lang='lat' dir='ltr'>semel</span> <span class='ocrx_word' id='word_1_45' title='bbox 407 1061 448 1135; x_wconf 90' lang='lat' dir='ltr'>ad</span> <span class='ocrx_word' id='word_1_46' title='bbox 468 1063 599 1137; x_wconf 82' lang='lat' dir='ltr'>Graecia</span> <span class='ocrx_word' id='word_1_47' title='bbox 619 1063 827 1137; x_wconf 82' lang='lat' dir='ltr'>horizontem</span> <span class='ocrx_word' id='word_1_48' title='bbox 849 1059 1014 1163; x_wconf 81' lang='lat' dir='ltr'>pertinet,</span> <span class='ocrx_word' id='word_1_49' title='bbox 1036 1056 1198 1131; x_wconf 82' lang='lat' dir='ltr'>eteoclem</span> 
     </span>
    </p>
   </div>
   <div class='ocr_carea' id='block_1_4' title="bbox 135 1172 1199 1284">
    <p class='ocr_par' dir='ltr' id='par_1_4' title="bbox 135 1172 1199 1284">
     <span class='ocr_line' id='line_1_7' title="bbox 135 1172 1199 1284; baseline -0.011 -29"><span class='ocrx_word' id='word_1_50' title='bbox 135 1180 238 1255; x_wconf 88' lang='lat' dir='ltr'>modo</span> <span class='ocrx_word' id='word_1_51' title='bbox 255 1208 290 1252; x_wconf 90' lang='lat' dir='ltr'>se</span> <span class='ocrx_word' id='word_1_52' title='bbox 303 1178 441 1252; x_wconf 90' lang='lat' dir='ltr'>habebit</span> <span class='ocrx_word' id='word_1_53' title='bbox 454 1207 522 1252; x_wconf 85' lang='lat' dir='ltr'>cum</span> <span class='ocrx_word' id='word_1_54' title='bbox 543 1178 641 1284; x_wconf 72' lang='lat' dir='ltr'>lyra</span> <span class='ocrx_word' id='word_1_55' title='bbox 655 1195 686 1252; x_wconf 87' lang='lat' dir='ltr'>et</span> <span class='ocrx_word' id='word_1_56' title='bbox 707 1179 826 1279; x_wconf 75' lang='lat' dir='ltr'>Reguli</span> <span class='ocrx_word' id='word_1_57' title='bbox 841 1177 1030 1263; x_wconf 87' lang='lat' dir='ltr'>occasibus,</span> <span class='ocrx_word' id='word_1_58' title='bbox 1052 1172 1117 1247; x_wconf 93' lang='lat' dir='ltr'>alio</span> <span class='ocrx_word' id='word_1_59' title='bbox 1138 1200 1199 1245; x_wconf 94' lang='lat' dir='ltr'>no-</span> 
     </span>
    </p>
   </div>
   <div class='ocr_carea' id='block_1_5' title="bbox 135 1289 1200 1511">
    <p class='ocr_par' dir='ltr' id='par_1_5' title="bbox 135 1289 1200 1511">
     <span class='ocr_line' id='line_1_8' title="bbox 135 1289 1199 1396; baseline -0.008 -27"><span class='ocrx_word' id='word_1_60' title='bbox 135 1295 225 1369; x_wconf 93' lang='lat' dir='ltr'>mine</span> <span class='ocrx_word' id='word_1_61' title='bbox 240 1311 355 1396; x_wconf 89' lang='lat' dir='ltr'>postea</span> <span class='ocrx_word' id='word_1_62' title='bbox 369 1294 563 1382; x_wconf 82' lang='lat' dir='ltr'>laudandis,</span> <span class='ocrx_word' id='word_1_63' title='bbox 581 1325 666 1396; x_wconf 89' lang='lat' dir='ltr'>quos</span> <span class='ocrx_word' id='word_1_64' title='bbox 679 1298 713 1383; x_wconf 88' lang='lat' dir='ltr'>l,</span> <span class='ocrx_word' id='word_1_65' title='bbox 729 1294 815 1388; x_wconf 74' lang='grc'><strong>654,</strong></span> <span class='ocrx_word' id='word_1_66' title='bbox 831 1293 864 1368; x_wconf 88' lang='lat' dir='ltr'>d.</span> <span class='ocrx_word' id='word_1_67' title='bbox 881 1293 926 1366; x_wconf 84' lang='lat'>23</span> <span class='ocrx_word' id='word_1_68' title='bbox 939 1295 1016 1367; x_wconf 73' lang='lat' dir='ltr'>lan,</span> <span class='ocrx_word' id='word_1_69' title='bbox 1034 1289 1199 1366; x_wconf 89' lang='lat' dir='ltr'>etiterum</span> 
     </span>
     <span class='ocr_line' id='line_1_9' title="bbox 136 1406 1200 1511; baseline -0.006 -27"><span class='ocrx_word' id='word_1_70' title='bbox 136 1414 189 1499; x_wconf 90' lang='lat' dir='ltr'>ll,</span> <span class='ocrx_word' id='word_1_71' title='bbox 211 1409 272 1511; x_wconf 84' lang='lat'>75,</span> <span class='ocrx_word' id='word_1_72' title='bbox 284 1409 317 1481; x_wconf 88' lang='lat' dir='ltr'>cl.</span> <span class='ocrx_word' id='word_1_73' title='bbox 333 1408 460 1482; x_wconf 87' lang='lat' dir='ltr'>2Febr.</span> <span class='ocrx_word' id='word_1_74' title='bbox 476 1409 651 1497; x_wconf 83' lang='lat' dir='ltr'>adscribit,</span> <span class='ocrx_word' id='word_1_75' title='bbox 668 1410 726 1483; x_wconf 92' lang='lat' dir='ltr'>ubi</span> <span class='ocrx_word' id='word_1_76' title='bbox 743 1409 1004 1493; x_wconf 83' lang='lat' dir='ltr'>inKalendario,</span> <span class='ocrx_word' id='word_1_77' title='bbox 1020 1406 1111 1506; x_wconf 92' lang='lat' dir='ltr'>quod</span> <span class='ocrx_word' id='word_1_78' title='bbox 1125 1425 1200 1478; x_wconf 89' lang='lat' dir='ltr'>ante</span> 
     </span>
    </p>
   </div>
   <div class='ocr_carea' id='block_1_6' title="bbox 134 1513 1206 2656">
    <p class='ocr_par' dir='ltr' id='par_1_6' title="bbox 134 1513 1206 2656">
     <span class='ocr_line' id='line_1_10' title="bbox 136 1513 1200 1605; baseline -0.003 -16"><span class='ocrx_word' id='word_1_79' title='bbox 136 1515 252 1590; x_wconf 92' lang='lat' dir='ltr'>oculos</span> <span class='ocrx_word' id='word_1_80' title='bbox 267 1513 403 1603; x_wconf 90' lang='lat' dir='ltr'>habuit,</span> <span class='ocrx_word' id='word_1_81' title='bbox 423 1515 522 1589; x_wconf 89' lang='lat' dir='ltr'>iidem</span> <span class='ocrx_word' id='word_1_82' title='bbox 541 1545 677 1593; x_wconf 83' lang='lat' dir='ltr'>occasus</span> <span class='ocrx_word' id='word_1_83' title='bbox 692 1519 762 1605; x_wconf 92' lang='lat' dir='ltr'>bis,</span> <span class='ocrx_word' id='word_1_84' title='bbox 782 1518 840 1592; x_wconf 90' lang='lat' dir='ltr'>sed</span> <span class='ocrx_word' id='word_1_85' title='bbox 858 1515 1038 1592; x_wconf 90' lang='lat' dir='ltr'>secundum</span> <span class='ocrx_word' id='word_1_86' title='bbox 1055 1513 1200 1586; x_wconf 88' lang='lat' dir='ltr'>diversos</span> 
     </span>
     <span class='ocr_line' id='line_1_11' title="bbox 134 1629 1202 1734; baseline -0.006 -27"><span class='ocrx_word' id='word_1_87' title='bbox 134 1632 328 1707; x_wconf 79' lang='lat' dir='ltr'>horizontes</span> <span class='ocrx_word' id='word_1_88' title='bbox 345 1631 494 1710; x_wconf 86' lang='lat' dir='ltr'>adnotati</span> <span class='ocrx_word' id='word_1_89' title='bbox 508 1633 608 1708; x_wconf 88' lang='lat' dir='ltr'>fuere.</span> <span class='ocrx_word' id='word_1_90' title='bbox 626 1634 680 1707; x_wconf 79' lang='lat' dir='ltr'>Ad</span> <span class='ocrx_word' id='word_1_91' title='bbox 694 1634 809 1708; x_wconf 86' lang='lat' dir='ltr'>Ovidii</span> <span class='ocrx_word' id='word_1_92' title='bbox 827 1653 936 1710; x_wconf 90' lang='lat' dir='ltr'>antem</span> <span class='ocrx_word' id='word_1_93' title='bbox 953 1631 1149 1734; x_wconf 83' lang='lat' dir='ltr'>imperitiam</span> <span class='ocrx_word' id='word_1_94' title='bbox 1165 1629 1202 1702; x_wconf 91' lang='lat' dir='ltr'>in</span> 
     </span>
     <span class='ocr_line' id='line_1_12' title="bbox 136 1747 1202 1848; baseline -0.006 -23"><span class='ocrx_word' id='word_1_95' title='bbox 136 1752 191 1825; x_wconf 91' lang='lat' dir='ltr'>his</span> <span class='ocrx_word' id='word_1_96' title='bbox 208 1749 337 1824; x_wconf 89' lang='lat' dir='ltr'>ortibus</span> <span class='ocrx_word' id='word_1_97' title='bbox 352 1767 387 1823; x_wconf 91' lang='lat' dir='ltr'>et</span> <span class='ocrx_word' id='word_1_98' title='bbox 403 1748 577 1823; x_wconf 85' lang='lat' dir='ltr'>occasibus</span> <span class='ocrx_word' id='word_1_99' title='bbox 592 1752 727 1825; x_wconf 84' lang='lat' dir='ltr'>carmini</span> <span class='ocrx_word' id='word_1_100' title='bbox 745 1781 808 1827; x_wconf 92' lang='lat' dir='ltr'>sno</span> <span class='ocrx_word' id='word_1_101' title='bbox 823 1750 1031 1837; x_wconf 85' lang='lat' dir='ltr'>intexendis,</span> <span class='ocrx_word' id='word_1_102' title='bbox 1047 1750 1112 1848; x_wconf 83' lang='lat' dir='ltr'>jam</span> <span class='ocrx_word' id='word_1_103' title='bbox 1130 1747 1202 1846; x_wconf 89' lang='lat' dir='ltr'>pri-</span> 
     </span>
     <span class='ocr_line' id='line_1_13' title="bbox 140 1863 1202 1965; baseline -0.006 -24"><span class='ocrx_word' id='word_1_104' title='bbox 140 1869 214 1942; x_wconf 89' lang='lat' dir='ltr'>dem</span> <span class='ocrx_word' id='word_1_105' title='bbox 234 1868 417 1943; x_wconf 77' lang='lat' dir='ltr'>Kistnerus</span> <span class='ocrx_word' id='word_1_106' title='bbox 441 1863 623 1965; x_wconf 88' lang='lat' dir='ltr'>aliquando</span> <span class='ocrx_word' id='word_1_107' title='bbox 653 1864 758 1961; x_wconf 79' lang='lat' dir='ltr'>digito</span> <span class='ocrx_word' id='word_1_108' title='bbox 784 1868 928 1942; x_wconf 86' lang='lat' dir='ltr'>intendit</span> <span class='ocrx_word' id='word_1_109' title='bbox 949 1863 1202 1962; x_wconf 72' lang='lat' dir='ltr'>(Kb&#39;stnerscdcs</span> 
     </span>
     <span class='ocr_line' id='line_1_14' title="bbox 140 1978 1202 2088; baseline -0.006 -32"><span class='ocrx_word' id='word_1_110' title='bbox 140 1980 344 2088; x_wconf 71' lang='lat' dir='ltr'>llloocderley</span> <span class='ocrx_word' id='word_1_111' title='bbox 356 1979 571 2054; x_wconf 78' lang='lat' dir='ltr'>astronomisch</span> <span class='ocrx_word' id='word_1_112' title='bbox 584 1978 842 2081; x_wconf 75' lang='lat' dir='ltr'>-pdilologc&#39;sclccn</span> <span class='ocrx_word' id='word_1_113' title='bbox 860 1978 986 2054; x_wconf 80' lang='lat' dir='ltr'>Inholts</span> <span class='ocrx_word' id='word_1_114' title='bbox 1002 1980 1033 2051; x_wconf 84' lang='lat' dir='ltr'>in</span> <span class='ocrx_word' id='word_1_115' title='bbox 1054 1978 1086 2051; x_wconf 88' lang='lat' dir='ltr'>d.</span> <span class='ocrx_word' id='word_1_116' title='bbox 1107 2005 1202 2051; x_wconf 80' lang='lat' dir='ltr'>neuen</span> 
     </span>
     <span class='ocr_line' id='line_1_15' title="bbox 137 2093 1201 2196; baseline -0.005 -24"><span class='ocrx_word' id='word_1_117' title='bbox 137 2098 252 2196; x_wconf 81' lang='lat' dir='ltr'>philol.</span> <span class='ocrx_word' id='word_1_118' title='bbox 267 2094 459 2171; x_wconf 68' lang='lat' dir='ltr'>Br&#39;bthctet.</span> <span class='ocrx_word' id='word_1_119' title='bbox 475 2098 515 2169; x_wconf 93' lang='lat' dir='ltr'>B.</span> <span class='ocrx_word' id='word_1_120' title='bbox 533 2097 587 2183; x_wconf 92' lang='lat' dir='ltr'>ll,</span> <span class='ocrx_word' id='word_1_121' title='bbox 603 2095 651 2168; x_wconf 91' lang='lat' dir='ltr'>St.</span> <span class='ocrx_word' id='word_1_122' title='bbox 667 2115 705 2183; x_wconf 90' lang='lat'>1,</span> <span class='ocrx_word' id='word_1_123' title='bbox 725 2123 759 2196; x_wconf 87' lang='lat' dir='ltr'>p.</span> <span class='ocrx_word' id='word_1_124' title='bbox 779 2121 797 2195; x_wconf 86' lang='lat'>7</span> <span class='ocrx_word' id='word_1_125' title='bbox 820 2123 894 2196; x_wconf 89' lang='lat' dir='ltr'>sqq.</span> <span class='ocrx_word' id='word_1_126' title='bbox 907 2094 946 2191; x_wconf 86' lang='lat'>),</span> <span class='ocrx_word' id='word_1_127' title='bbox 966 2111 1000 2168; x_wconf 87' lang='lat' dir='ltr'>et</span> <span class='ocrx_word' id='word_1_128' title='bbox 1019 2093 1201 2181; x_wconf 82' lang='lat' dir='ltr'>Ovidium,</span> 
     </span>
     <span class='ocr_line' id='line_1_16' title="bbox 141 2208 1203 2315; baseline -0.005 -27"><span class='ocrx_word' id='word_1_129' title='bbox 141 2213 222 2315; x_wconf 90' lang='lat' dir='ltr'>quid</span> <span class='ocrx_word' id='word_1_130' title='bbox 231 2213 361 2288; x_wconf 83' lang='lat' dir='ltr'>intersit</span> <span class='ocrx_word' id='word_1_131' title='bbox 373 2212 459 2286; x_wconf 89' lang='lat' dir='ltr'>iuter</span> <span class='ocrx_word' id='word_1_132' title='bbox 467 2230 578 2286; x_wconf 89' lang='lat' dir='ltr'>ortum</span> <span class='ocrx_word' id='word_1_133' title='bbox 590 2228 624 2286; x_wconf 92' lang='lat' dir='ltr'>et</span> <span class='ocrx_word' id='word_1_134' title='bbox 633 2240 799 2299; x_wconf 91' lang='lat' dir='ltr'>occasum,</span> <span class='ocrx_word' id='word_1_135' title='bbox 811 2210 862 2286; x_wconf 84' lang='lat' dir='ltr'>vel</span> <span class='ocrx_word' id='word_1_136' title='bbox 871 2212 1067 2296; x_wconf 63' lang='lat' dir='ltr'>motuuhum</span> <span class='ocrx_word' id='word_1_137' title='bbox 1081 2208 1132 2283; x_wconf 84' lang='lat' dir='ltr'>vel</span> <span class='ocrx_word' id='word_1_138' title='bbox 1146 2238 1203 2283; x_wconf 82' lang='lat' dir='ltr'>ve-</span> 
     </span>
     <span class='ocr_line' id='line_1_17' title="bbox 139 2325 1206 2428; baseline -0.003 -26"><span class='ocrx_word' id='word_1_139' title='bbox 139 2328 319 2428; x_wconf 82' lang='lat' dir='ltr'>spertinum,</span> <span class='ocrx_word' id='word_1_140' title='bbox 338 2355 408 2400; x_wconf 93' lang='lat' dir='ltr'>non</span> <span class='ocrx_word' id='word_1_141' title='bbox 422 2326 530 2401; x_wconf 88' lang='lat' dir='ltr'>solum</span> <span class='ocrx_word' id='word_1_142' title='bbox 545 2325 744 2424; x_wconf 82' lang='lat' dir='ltr'>neglexisse,</span> <span class='ocrx_word' id='word_1_143' title='bbox 763 2328 820 2401; x_wconf 88' lang='lat' dir='ltr'>scd</span> <span class='ocrx_word' id='word_1_144' title='bbox 831 2327 917 2401; x_wconf 85' lang='lat' dir='ltr'>forte</span> <span class='ocrx_word' id='word_1_145' title='bbox 929 2326 1113 2402; x_wconf 86' lang='lat' dir='ltr'>nescivisse</span> <span class='ocrx_word' id='word_1_146' title='bbox 1127 2328 1206 2428; x_wconf 90' lang='lat' dir='ltr'>qui-</span> 
     </span>
     <span class='ocr_line' id='line_1_18' title="bbox 141 2438 1205 2543; baseline 0.002 -31"><span class='ocrx_word' id='word_1_147' title='bbox 141 2443 234 2528; x_wconf 88' lang='lat' dir='ltr'>dem,</span> <span class='ocrx_word' id='word_1_148' title='bbox 250 2457 284 2512; x_wconf 86' lang='lat' dir='ltr'>et</span> <span class='ocrx_word' id='word_1_149' title='bbox 300 2438 395 2513; x_wconf 89' lang='lat' dir='ltr'>locus</span> <span class='ocrx_word' id='word_1_150' title='bbox 410 2471 429 2515; x_wconf 86' lang='lat' dir='ltr'>a</span> <span class='ocrx_word' id='word_1_151' title='bbox 442 2439 605 2517; x_wconf 72' lang='lat' dir='ltr'>Kistnero</span> <span class='ocrx_word' id='word_1_152' title='bbox 620 2443 670 2517; x_wconf 92' lang='lat' dir='ltr'>ibi</span> <span class='ocrx_word' id='word_1_153' title='bbox 688 2441 859 2543; x_wconf 82' lang='lat' dir='ltr'>expositus</span> <span class='ocrx_word' id='word_1_154' title='bbox 876 2459 909 2514; x_wconf 90' lang='lat' dir='ltr'>et</span> <span class='ocrx_word' id='word_1_155' title='bbox 930 2438 1026 2514; x_wconf 90' lang='lat' dir='ltr'>multi</span> <span class='ocrx_word' id='word_1_156' title='bbox 1040 2439 1115 2528; x_wconf 89' lang='lat' dir='ltr'>alii,</span> <span class='ocrx_word' id='word_1_157' title='bbox 1143 2442 1205 2516; x_wconf 90' lang='lat' dir='ltr'>ubi</span> 
     </span>
     <span class='ocr_line' id='line_1_19' title="bbox 141 2553 1205 2656; baseline 0.001 -26"><span class='ocrx_word' id='word_1_158' title='bbox 141 2571 252 2656; x_wconf 88' lang='lat' dir='ltr'>aperte</span> <span class='ocrx_word' id='word_1_159' title='bbox 264 2553 402 2628; x_wconf 90' lang='lat' dir='ltr'>alterum</span> <span class='ocrx_word' id='word_1_160' title='bbox 412 2555 506 2630; x_wconf 90' lang='lat' dir='ltr'>alteri</span> <span class='ocrx_word' id='word_1_161' title='bbox 518 2558 707 2647; x_wconf 86' lang='lat' dir='ltr'>substituit,</span> <span class='ocrx_word' id='word_1_162' title='bbox 718 2557 900 2633; x_wconf 87' lang='lat' dir='ltr'>luculenter</span> <span class='ocrx_word' id='word_1_163' title='bbox 908 2575 1060 2653; x_wconf 84' lang='lat' dir='ltr'>arguunt.</span> <span class='ocrx_word' id='word_1_164' title='bbox 1071 2559 1205 2631; x_wconf 89' lang='lat' dir='ltr'>Utrum·</span> 
     </span>
    </p>
   </div>
   <div class='ocr_carea' id='block_1_7' title="bbox 142 2671 1205 2888">
    <p class='ocr_par' dir='ltr' id='par_1_7' title="bbox 142 2671 1205 2888">
     <span class='ocr_line' id='line_1_20' title="bbox 142 2671 1205 2772; baseline 0.002 -28"><span class='ocrx_word' id='word_1_165' title='bbox 142 2699 207 2772; x_wconf 90' lang='lat' dir='ltr'>que</span> <span class='ocrx_word' id='word_1_166' title='bbox 225 2687 334 2745; x_wconf 89' lang='lat' dir='ltr'>autem</span> <span class='ocrx_word' id='word_1_167' title='bbox 352 2696 426 2743; x_wconf 81' lang='lat' dir='ltr'>vere</span> <span class='ocrx_word' id='word_1_168' title='bbox 452 2688 524 2745; x_wconf 90' lang='lat' dir='ltr'>toto</span> <span class='ocrx_word' id='word_1_169' title='bbox 542 2672 621 2748; x_wconf 80' lang='lat' dir='ltr'>caelo</span> <span class='ocrx_word' id='word_1_170' title='bbox 637 2675 770 2750; x_wconf 84' lang='lat' dir='ltr'>differre</span> <span class='ocrx_word' id='word_1_171' title='bbox 792 2703 891 2749; x_wconf 92' lang='lat' dir='ltr'>nemo</span> <span class='ocrx_word' id='word_1_172' title='bbox 906 2674 1059 2769; x_wconf 79' lang='lat' dir='ltr'>ignorat,</span> <span class='ocrx_word' id='word_1_173' title='bbox 1084 2671 1135 2747; x_wconf 85' lang='lat' dir='ltr'>vel</span> <span class='ocrx_word' id='word_1_174' title='bbox 1152 2673 1205 2746; x_wconf 92' lang='lat' dir='ltr'>in-</span> 
     </span>
     <span class='ocr_line' id='line_1_21' title="bbox 143 2783 792 2888; baseline 0.006 -31"><span class='ocrx_word' id='word_1_175' title='bbox 143 2803 256 2886; x_wconf 89' lang='lat' dir='ltr'>specto</span> <span class='ocrx_word' id='word_1_176' title='bbox 271 2783 374 2882; x_wconf 81' lang='lat' dir='ltr'>globo</span> <span class='ocrx_word' id='word_1_177' title='bbox 390 2785 635 2888; x_wconf 88' lang='lat' dir='ltr'>deprehendet;</span> <span class='ocrx_word' id='word_1_178' title='bbox 652 2792 683 2878; x_wconf 90' lang='lat' dir='ltr'>l,</span> <span class='ocrx_word' id='word_1_179' title='bbox 703 2789 792 2863; x_wconf 83' lang='lat'>311:</span> 
     </span>
    </p>
   </div>
   <div class='ocr_carea' id='block_1_8' title="bbox 275 2976 931 3319">
    <p class='ocr_par' dir='ltr' id='par_1_8' title="bbox 276 2976 904 3137">
     <span class='ocr_line' id='line_1_22' title="bbox 276 2976 894 3049; baseline 0.006 -18"><span class='ocrx_word' id='word_1_180' title='bbox 276 2976 349 3048; x_wconf 82' lang='lat' dir='ltr'>Ergo</span> <span class='ocrx_word' id='word_1_181' title='bbox 361 2979 406 3032; x_wconf 86' lang='lat' dir='ltr'>uhi</span> <span class='ocrx_word' id='word_1_182' title='bbox 417 2997 470 3032; x_wconf 80' lang='lat' dir='ltr'>nox</span> <span class='ocrx_word' id='word_1_183' title='bbox 483 2976 566 3032; x_wconf 75' lang='lat' dir='ltr'>ederit</span> <span class='ocrx_word' id='word_1_184' title='bbox 577 2979 694 3034; x_wconf 76' lang='lat' dir='ltr'>venturis</span> <span class='ocrx_word' id='word_1_185' title='bbox 707 2982 783 3035; x_wconf 84' lang='lat' dir='ltr'>tertia</span> <span class='ocrx_word' id='word_1_186' title='bbox 794 2981 872 3035; x_wconf 79' lang='lat' dir='ltr'>nonis</span> <span class='ocrx_word' id='word_1_187' title='bbox 884 3020 894 3049; x_wconf 90' lang='lat'>,</span> 
     </span>
     <span class='ocr_line' id='line_1_23' title="bbox 324 3067 904 3137; baseline 0.005 -17"><span class='ocrx_word' id='word_1_188' title='bbox 324 3067 471 3137; x_wconf 75' lang='lat' dir='ltr'>Sparsaque</span> <span class='ocrx_word' id='word_1_189' title='bbox 484 3067 579 3120; x_wconf 66' lang='lat' dir='ltr'>celesti</span> <span class='ocrx_word' id='word_1_190' title='bbox 592 3085 652 3120; x_wconf 81' lang='lat' dir='ltr'>rore</span> <span class='ocrx_word' id='word_1_191' title='bbox 665 3068 781 3123; x_wconf 76' lang='lat' dir='ltr'>madebit</span> <span class='ocrx_word' id='word_1_192' title='bbox 793 3069 904 3134; x_wconf 62' lang='lat' dir='ltr'>bunun</span> 
     </span>
    </p>

    <p class='ocr_par' dir='ltr' id='par_1_9' title="bbox 275 3153 931 3319">
     <span class='ocr_line' id='line_1_24' title="bbox 275 3153 931 3227; baseline 0.011 -21"><span class='ocrx_word' id='word_1_193' title='bbox 275 3153 413 3224; x_wconf 82' lang='lat' dir='ltr'>Ottipedis</span> <span class='ocrx_word' id='word_1_194' title='bbox 426 3157 524 3211; x_wconf 73' lang='lat' dir='ltr'>frustra</span> <span class='ocrx_word' id='word_1_195' title='bbox 536 3168 689 3227; x_wconf 67' lang='lat' dir='ltr'>querentur</span> <span class='ocrx_word' id='word_1_196' title='bbox 701 3157 806 3213; x_wconf 80' lang='lat' dir='ltr'>brachia</span> <span class='ocrx_word' id='word_1_197' title='bbox 818 3156 931 3223; x_wconf 67' lang='grc' dir='ltr'><strong>(ἶωσίς</strong></span> 
     </span>
     <span class='ocr_line' id='line_1_25' title="bbox 330 3243 841 3319; baseline 0.01 -23"><span class='ocrx_word' id='word_1_198' title='bbox 330 3243 449 3317; x_wconf 71' lang='lat' dir='ltr'>Prooepe</span> <span class='ocrx_word' id='word_1_199' title='bbox 460 3248 581 3304; x_wconf 77' lang='lat' dir='ltr'>occiduas</span> <span class='ocrx_word' id='word_1_200' title='bbox 593 3244 637 3300; x_wconf 77' lang='lat' dir='ltr'>itte</span> <span class='ocrx_word' id='word_1_201' title='bbox 649 3247 743 3304; x_wconf 71' lang='lat' dir='ltr'>subivit</span> <span class='ocrx_word' id='word_1_202' title='bbox 754 3267 841 3319; x_wconf 78' lang='lat' dir='ltr'>aquas.</span> 
     </span>
    </p>
   </div>
   <div class='ocr_carea' id='block_1_9' title="bbox 143 3388 1210 4179">
    <p class='ocr_par' dir='ltr' id='par_1_10' title="bbox 143 3388 1210 3951">
     <span class='ocr_line' id='line_1_26' title="bbox 193 3388 1206 3492; baseline 0.006 -35"><span class='ocrx_word' id='word_1_203' title='bbox 193 3390 316 3485; x_wconf 80' lang='lat' dir='ltr'>Aperte</span> <span class='ocrx_word' id='word_1_204' title='bbox 335 3414 485 3462; x_wconf 89' lang='lat' dir='ltr'>occasum</span> <span class='ocrx_word' id='word_1_205' title='bbox 507 3388 731 3492; x_wconf 84' lang='lat' dir='ltr'>vespertinum</span> <span class='ocrx_word' id='word_1_206' title='bbox 746 3389 846 3464; x_wconf 82' lang='lat' dir='ltr'>verba</span> <span class='ocrx_word' id='word_1_207' title='bbox 861 3390 1017 3463; x_wconf 88' lang='lat' dir='ltr'>innuunt.</span> <span class='ocrx_word' id='word_1_208' title='bbox 1040 3390 1206 3464; x_wconf 87' lang='lat' dir='ltr'>Occasnm</span> 
     </span>
     <span class='ocr_line' id='line_1_27' title="bbox 146 3502 1207 3583; baseline 0.005 -10"><span class='ocrx_word' id='word_1_209' title='bbox 146 3519 255 3574; x_wconf 85' lang='lat' dir='ltr'>autem</span> <span class='ocrx_word' id='word_1_210' title='bbox 276 3503 455 3575; x_wconf 69' lang='lat' dir='ltr'>moestum</span> <span class='ocrx_word' id='word_1_211' title='bbox 484 3502 661 3580; x_wconf 89' lang='lat' dir='ltr'>dicendum</span> <span class='ocrx_word' id='word_1_212' title='bbox 687 3504 788 3583; x_wconf 88' lang='lat' dir='ltr'>luisse</span> <span class='ocrx_word' id='word_1_213' title='bbox 810 3534 923 3580; x_wconf 83' lang='lat' dir='ltr'>ornnes</span> <span class='ocrx_word' id='word_1_214' title='bbox 947 3504 1109 3580; x_wconf 81' lang='lat' dir='ltr'>viderunt.</span> <span class='ocrx_word' id='word_1_215' title='bbox 1140 3506 1207 3579; x_wconf 89' lang='lat' dir='ltr'>Pro</span> 
     </span>
     <span class='ocr_line' id='line_1_28' title="bbox 143 3619 1206 3714; baseline 0.003 -22"><span class='ocrx_word' id='word_1_216' title='bbox 143 3619 243 3692; x_wconf 81' lang='lat' dir='ltr'>oden&#39;!</span> <span class='ocrx_word' id='word_1_217' title='bbox 264 3637 374 3692; x_wconf 88' lang='lat' dir='ltr'>autem</span> <span class='ocrx_word' id='word_1_218' title='bbox 394 3619 572 3694; x_wconf 82' lang='lat' dir='ltr'>rescribere</span> <span class='ocrx_word' id='word_1_219' title='bbox 586 3622 682 3706; x_wconf 80' lang='lat' dir='ltr'>abci’t,</span> <span class='ocrx_word' id='word_1_220' title='bbox 715 3626 776 3698; x_wconf 87' lang='lat' dir='ltr'>etsi</span> <span class='ocrx_word' id='word_1_221' title='bbox 804 3623 944 3698; x_wconf 87' lang='lat' dir='ltr'>latinum</span> <span class='ocrx_word' id='word_1_222' title='bbox 958 3622 1065 3714; x_wconf 86' lang='lat' dir='ltr'>soret,</span> <span class='ocrx_word' id='word_1_223' title='bbox 1083 3653 1143 3699; x_wconf 89' lang='lat' dir='ltr'>nec</span> <span class='ocrx_word' id='word_1_224' title='bbox 1160 3622 1206 3697; x_wconf 92' lang='lat' dir='ltr'>ob</span> 
     </span>
     <span class='ocr_line' id='line_1_29' title="bbox 146 3734 1210 3838; baseline 0.004 -30"><span class='ocrx_word' id='word_1_225' title='bbox 146 3753 337 3835; x_wconf 85' lang='lat' dir='ltr'>sequentem</span> <span class='ocrx_word' id='word_1_226' title='bbox 347 3763 476 3809; x_wconf 83' lang='lat' dir='ltr'>versum</span> <span class='ocrx_word' id='word_1_227' title='bbox 486 3734 580 3823; x_wconf 89' lang='lat' dir='ltr'>licet,</span> <span class='ocrx_word' id='word_1_228' title='bbox 596 3736 657 3835; x_wconf 90' lang='lat' dir='ltr'>qui</span> <span class='ocrx_word' id='word_1_229' title='bbox 668 3763 836 3838; x_wconf 84' lang='lat' dir='ltr'>vesperam</span> <span class='ocrx_word' id='word_1_230' title='bbox 847 3740 971 3832; x_wconf 84' lang='lat' dir='ltr'>innuit,</span> <span class='ocrx_word' id='word_1_231' title='bbox 985 3742 1108 3817; x_wconf 90' lang='lat' dir='ltr'>nechic</span> <span class='ocrx_word' id='word_1_232' title='bbox 1118 3766 1210 3812; x_wconf 88' lang='lat' dir='ltr'>error</span> 
     </span>
     <span class='ocr_line' id='line_1_30' title="bbox 148 3848 637 3951; baseline 0 -30"><span class='ocrx_word' id='word_1_233' title='bbox 148 3878 276 3951; x_wconf 89' lang='lat' dir='ltr'>semper</span> <span class='ocrx_word' id='word_1_234' title='bbox 291 3877 463 3923; x_wconf 74' lang='lat' dir='ltr'>resumens</span> <span class='ocrx_word' id='word_1_235' title='bbox 477 3848 637 3923; x_wconf 76' lang='lat' dir='ltr'>coneedit,</span> 
     </span>
    </p>

    <p class='ocr_par' dir='ltr' id='par_1_11' title="bbox 150 3962 1210 4179">
     <span class='ocr_line' id='line_1_31' title="bbox 197 3962 1209 4070; baseline 0.001 -32"><span class='ocrx_word' id='word_1_236' title='bbox 197 3968 234 4052; x_wconf 88' lang='lat' dir='ltr'>l,</span> <span class='ocrx_word' id='word_1_237' title='bbox 252 3964 323 4036; x_wconf 84' lang='lat'>653</span> <span class='ocrx_word' id='word_1_238' title='bbox 336 3964 352 4061; x_wconf 95' lang='lat'>(</span> <span class='ocrx_word' id='word_1_239' title='bbox 365 3963 396 4035; x_wconf 88' lang='lat' dir='ltr'>d.</span> <span class='ocrx_word' id='word_1_240' title='bbox 415 3962 462 4035; x_wconf 84' lang='lat'>23</span> <span class='ocrx_word' id='word_1_241' title='bbox 475 3966 550 4038; x_wconf 86' lang='lat' dir='ltr'>Jao.</span> <span class='ocrx_word' id='word_1_242' title='bbox 565 3966 582 4063; x_wconf 96' lang='lat'>)</span> <span class='ocrx_word' id='word_1_243' title='bbox 596 3967 743 4041; x_wconf 81' lang='lat' dir='ltr'>Occasus</span> <span class='ocrx_word' id='word_1_244' title='bbox 755 3969 847 4070; x_wconf 75' lang='lat' dir='ltr'>Lyre</span> <span class='ocrx_word' id='word_1_245' title='bbox 863 3969 1051 4070; x_wconf 76' lang='lat' dir='ltr'>vespcrhims</span> <span class='ocrx_word' id='word_1_246' title='bbox 1062 3993 1138 4041; x_wconf 91' lang='lat' dir='ltr'>cum</span> <span class='ocrx_word' id='word_1_247' title='bbox 1150 3993 1209 4039; x_wconf 88' lang='lat' dir='ltr'>oe·</span> 
     </span>
     <span class='ocr_line' id='line_1_32' title="bbox 150 4077 1210 4179; baseline 0.004 -27"><span class='ocrx_word' id='word_1_248' title='bbox 150 4109 226 4153; x_wconf 81' lang='lat' dir='ltr'>casu</span> <span class='ocrx_word' id='word_1_249' title='bbox 244 4077 366 4176; x_wconf 83' lang='lat' dir='ltr'>Reguli</span> <span class='ocrx_word' id='word_1_250' title='bbox 383 4080 554 4179; x_wconf 62' lang='lat' dir='ltr'>vespertilio</span> <span class='ocrx_word' id='word_1_251' title='bbox 562 4077 721 4179; x_wconf 76' lang='lat' dir='ltr'>jungitur</span> <span class='ocrx_word' id='word_1_252' title='bbox 736 4082 827 4157; x_wconf 80' lang='lat' dir='ltr'>Toto</span> <span class='ocrx_word' id='word_1_253' title='bbox 844 4080 922 4158; x_wconf 81' lang='lat' dir='ltr'>caelo</span> <span class='ocrx_word' id='word_1_254' title='bbox 938 4082 1003 4158; x_wconf 79' lang='lat' dir='ltr'>bos</span> <span class='ocrx_word' id='word_1_255' title='bbox 1019 4079 1151 4157; x_wconf 79' lang='lat' dir='ltr'>differre</span> <span class='ocrx_word' id='word_1_256' title='bbox 1167 4110 1210 4156; x_wconf 90' lang='lat' dir='ltr'>ne</span> 
     </span>
    </p>
   </div>
   <div class='ocr_carea' id='block_1_10' title="bbox 0 0 1367 4672">
    <p class='ocr_par' dir='ltr' id='par_1_12' title="bbox 0 0 1367 4672">
     <span class='ocr_line' id='line_1_33' title="bbox 0 0 1367 4672; baseline 0 0"><span class='ocrx_word' id='word_1_257' title='bbox 0 0 1367 4672; x_wconf 95' lang='lat' dir='ltr'> </span> 
     </span>
    </p>
   </div>
  </div>
 </body>
</html>
