2692 4672
213 357 225 387 Ι

210 292 255 361 κθ
500 298 539 361 Ρ.
567 296 1011 377 ΟΥΙΒῙΓΝΑὸΟΝΙΒ

256 434 409 529 Ingratos
429 433 520 509 nulla
536 437 628 538 prole
644 466 765 512 novare
782 439 880 513 viros.

205 548 294 622 Neve
311 547 403 623 daret
420 569 554 652 partus,
571 553 640 627 ictu
659 555 829 628 temeraria
845 574 930 628 caec'o

254 662 447 741 Visceribus
464 696 610 743 crescens
627 669 813 744 excutiebat
830 696 925 742 onus

210 776 419 881 Corripuisse
436 801 544 881 patres
562 813 657 859 ausas
674 783 812 857 immitia
829 792 973 884 nuptas,

255 896 318 968 Jus
335 913 440 972 tamen
455 916 617 974 exemtum
635 899 841 985 restituisse,
859 900 993 972 lerunt

204 1006 354 1112 Binaque
372 1042 460 1089 nunc
476 1017 601 1116 pariter
615 1017 757 1110 Tegcaeae
774 1042 864 1087 sacra
880 1013 1022 1115 parenti,

256 1126 322 1199 Pro
337 1127 450 1228 pueris
465 1117 537 1202 lieri
554 1129 808 1229 virginibusque
822 1129 950 1227 jubent.

206 1241 337 1315 Seortea
352 1271 421 1316 non
439 1241 554 1317 illisas
571 1262 622 1317 cst
637 1242 756 1317 inserre
773 1243 914 1333 sacello,

253 1361 303 1433 Ne
319 1359 446 1433 violent
462 1388 566 1460 puros
583 1361 764 1435 exanimata
780 1360 884 1435 locos.

207 1473 242 1546 Si
260 1474 335 1573 quis
353 1502 442 1547 amas
459 1475 545 1549 ritus
562 1493 707 1563 veteres,
725 1477 841 1550 assiste
856 1473 1026 1577 precanti:

255 1590 400 1662 Nomina
416 1574 578 1691 percipies
594 1619 663 1665 nou
680 1591 742 1665 tibi
759 1609 839 1665 nota
857 1591 960 1692 prius.

98 1742 101 1749 ·
207 1705 356 1778 Porrima
373 1705 563 1805 placantur,
583 1708 820 1807 Postuertaque
836 1707 903 1781 sire
918 1733 1066 1793 sorores,

199 1832 243 1943 ρ’
255 1822 329 1897 Sive
346 1824 432 1921 fugae
450 1825 608 1913 comites,
627 1824 761 1899 Menali
778 1823 955 1926 Nympha,
973 1840 1048 1896 tuae.

219 1922 266 2025 t

206 2038 224 2088 p
309 2038 375 2086 ere,
399 2023 568 2076 constituere.
593 2022 662 2077 Vide
681 2024 714 2077 ad

207 2095 282 2150 Ptin:
303 2132 314 2175 3
326 2097 406 2168 Epist.
419 2117 487 2167 vrrs,
504 2122 513 2153 ι
526 2121 532 2153 :
544 2100 714 2168 Plutarchus,

207 2176 571 2245 eusitmdelwatosm‘ros,
587 2180 640 2234 sive
654 2181 715 2248 quia

206 2251 267 2305 viris
279 2246 402 2309 omntm
413 2254 575 2309 Senatorum
588 2256 716 2310 interdic-

207 2341 262 2383 tum
277 2328 458 2401 imputabant,
471 2334 523 2384 sive
536 2333 595 2401 quia
608 2344 634 2387 et
644 2334 715 2385 vim-

205 2429 266 2463 rum
280 2410 355 2479 culpa
370 2408 455 2478 aliqua
469 2410 499 2465 iu
515 2410 563 2464 hac
578 2431 614 2464 re.
627 2410 714 2464 Etiam

206 2489 362 2543 Plutarchus
379 2528 387 2556 ‚
405 2490 544 2560 ispuuip'mt
560 2496 610 2550 reios
625 2493 714 2566 ἄνδρας.

204 2569 337 2621 -Novare
345 2572 423 2633 prole.
431 2564 549 2636 Quidam
556 2582 589 2627 as
597 2569 715 2623 vetustio-

204 2646 276 2699 ribus
282 2647 387 2713 jum,
410 2645 481 2715 quod
496 2634 609 2703 damrt'at¹
619 2644 714 2707 Hein-

204 2722 271 2785 sius;
282 2722 378 2777 durum
389 2734 477 2777 tamen
486 2735 539 2792 est,
549 2731 716 2789 viromm

201 2807 286 2869 prole,
303 2822 399 2855 novam
412 2803 512 2873 prolem
529 2804 589 2858 viris
604 2822 716 2874 pareret

206 2898 293 2948 neque
307 2880 357 2933 boc
373 2881 537 2950 comprobari
551 2891 636 2950 potest
649 2880 715 2947 illis,

204 2976 296 3010 nome
306 2978 417 3026 gregem,
430 2978 520 3012 novare
525 2965 646 3027 pistum,
657 2977 715 3028 quae

207 3032 276 3104 apud
290 3034 403 3088 Statium
414 3075 421 3101 ,
431 3035 515 3088 Theb.
524 3038 566 3100 X,
578 3035 640 3100 223,
651 3055 694 3107 79¹
706 3075 714 3101 ,

204 3111 337 3182 leguntur.
349 3140 383 3152 —
394 3114 480 3175 Ceco,
498 3110 668 3166 clandestino.
687 3114 714 3167 ll

208 3191 301 3244 Amor.
313 3191 394 3257 XIV,
405 3193 433 3257 4,
448 3189 490 3243 ubi
500 3189 532 3242 de
547 3190 637 3259 puellis
648 3209 715 3243 onus

206 3271 305 3324 ventris
320 3271 356 3324 sic
373 3271 585 3337 excutientibus,
605 3295 619 3319 u
638 3290 716 3325 raecas

209 3373 223 3395 »
236 3362 339 3404 armant
348 3352 374 3404 in
384 3371 429 3406 sua
439 3352 490 3405 lata
500 3371 602 3406 manus.
610 3374 623 3398 u
636 3349 716 3404 Cous.

207 3427 646 3499 etHeroid.X1,4a,«Utpenitua
654 3447 717 3481 nos-

209 3528 222 3551 »
234 3504 716 3561 tris...Visoeribuscrescensexcutere·

209 3606 223 3631 »
236 3594 280 3637 tur
291 3602 366 3636 onus.
376 3606 388 3629 ι·
395 3587 483 3638 -Jus
492 3587 637 3637 mutasse.
645 3584 717 3637 Hinc

209 3661 334 3716 mulieres
344 3667 483 3718 abscessisse
496 3670 536 3715 sel
547 3669 717 3715 caturcensem

209 3740 338 3811 templum
358 3738 508 3792 Carmente
524 3748 717 3808 posuerunt-

209 3821 358 3881 Ettritum,
378 3818 520 3872 ademtum.
534 3817 605 3870 Vide
623 3817 716 3872 Burm.

211 3895 301 3964 Olim,
317 3907 423 3964 ereptum
442 3906 486 3948 aut
502 3901 639 3960 amissam,
659 3913 717 3964 qum

210 3971 343 4028 fluxerunt
354 3994 386 4028 ex
395 3975 531 4042 interpret,

244 4051 300 4124 Gap
308 4057 424 4121 donea,
438 4071 496 4122 que
505 4071 536 4108 ex
545 4051 617 4108 corio
625 4062 653 4109 et
662 4051 719 4123 pel-

763 2022 829 2076 libus
836 2031 899 2076 sunt
906 2020 986 2084 lacta3
997 2021 1084 2071 Varro
1092 2016 1125 2071 de
1134 2017 1211 2089 Ling.
1220 2019 1277 2081 Lat.

763 2099 807 2153 lib.
816 2099 873 2165 Vl,
885 2098 930 2152 ubi
939 2097 1010 2151 addit
1021 2116 1028 2149 ε
1041 2118 1056 2143 α
1066 2095 1134 2150 lude
1142 2095 1170 2149 in
1177 2096 1277 2167 aliquot

765 2199 779 2224 ν
791 2177 869 2231 sacris
886 2196 915 2231 ac
932 2174 1031 2231 sacellis
1046 2174 1173 2245 scriptum
1189 2173 1277 2229 babe-

766 2278 779 2303 »
791 2275 851 2309 snus
863 2276 869 2308 ι
881 2256 923 2310 Ne
936 2253 999 2325 quid
1009 2263 1141 2309 scorteum
1151 2251 1278 2307 adhibes-

766 2352 779 2378 »
792 2342 852 2400 tur,
869 2333 949 2399 ideo,
970 2351 1003 2384 ne
1022 2329 1194 2383 morticinum
1213 2328 1278 2398 quid

765 2432 779 2457 r
792 2411 865 2467 adsit.
877 2433 891 2459 s
899 2440 933 2452 -
943 2413 1059 2481 Nympha
1070 2409 1149 2462 etiam
1159 2425 1175 2459 a
1186 2406 1278 2477 virgi-

763 2491 815 2557 lio,
829 2491 934 2547 AEneid.
949 2490 1034 2555 vtlt,
1050 2486 1114 2555 336,
1128 2486 1278 2541 Carmenta

764 2580 880 2625 vocatur.
897 2571 951 2624 Pro
966 2587 999 2622 eo
1014 2567 1122 2620 nomine
1138 2564 1165 2619 lu
1181 2564 1198 2618 l.
1211 2578 1280 2639 'octo¹

766 2648 841 2703 MSS
848 2652 925 2702 Dira.
938 2647 1057 2700 Alteram
1067 2650 1279 2711 Pocrinium

764 2738 856 2779 nostro
863 2726 944 2779 etiam
953 2723 1060 2777 Servius
1068 2723 1099 2776 ad
1110 2720 1277 2791 AEnettdt

764 2815 854 2866 vocat;
869 2813 895 2855 et
904 2800 1068 2873 Pescedain
1078 2799 1199 2871 inscript.
1207 2800 1275 2872 apud

764 2880 872 2947 Gruter,
883 2894 940 2949 pq.
952 2874 1004 2945 56,
1014 2878 1136 2933 «currit.
1149 2879 1275 2934 Heinsius

762 2956 838 3013 malit
852 2956 1001 3021 stercorea,
1023 2967 1053 3008 ut
1074 2946 1151 3027 apud'
1161 2957 1275 3012 Maero-

763 3038 837 3093 bium
848 3073 856 3100 ,
869 3033 923 3088 Sat.
937 3034 966 3101 1,
982 3056 1010 3105 7,
1024 3056 1037 3082 u
1051 3036 1118 3090 sicut
1130 3037 1274 3090 Antevorta

765 3140 780 3164 »
792 3128 818 3171 et
838 3116 997 3180 Postvorta,
1020 3115 1161 3173 diuinitatis
1178 3117 1275 3170 scilicet

766 3217 779 3241 u
792 3193 929 3264 aptissimae
940 3195 1066 3262 comites,
1083 3194 1152 3264 apud
1168 3195 1274 3248 Roma-

766 3293 780 3318 »
792 3290 841 3324 nos
850 3272 981 3326 coluntur.
993 3295 1006 3318 a
1020 3271 1143 3339 Denique
1157 3269 1275 3324 notanda

764 3360 792 3402 et
807 3360 870 3402 sunt
886 3350 963 3403 Gellii
981 3350 1057 3403 Noct.
1070 3349 1125 3400 Au.
1144 3347 1227 3411 XVI,
1241 3348 1274 3414 6,

765 3427 860 3494 verba,
873 3429 917 3481 ubi
929 3428 961 3482 de
973 3426 1125 3480 mulieribus
1137 3441 1204 3491 egre
1218 3427 1277 3479 eni·

765 3509 880 3562 tentibus
887 3526 975 3563 sermo
985 3526 1012 3558 :u
1021 3504 1100 3571 hujus
1110 3501 1216 3570 periculi
1229 3504 1274 3558 de·

766 3586 915 3656 »precandi
932 3603 1008 3639 causa
1026 3598 1077 3633 are
1094 3589 1196 3634 statute
1212 3593 1276 3635 sunt

766 3688 780 3713 κ
794 3665 887 3718 Rornae
896 3657 1189 3715 duabusCarmentibus
1198 3678 1205 3712 ε
1214 3679 1275 3729 qua·

766 3762 853 3796 »rum
875 3732 955 3792 alter'a
978 3737 1114 3791 Postuerta
1137 3738 1275 3791 nominata

766 3842 780 3868 ι
792 3830 845 3885 est,
859 3819 941 3871 Prosa
952 3814 1015 3885 (alii
1023 3814 1117 3869 Prorsa
1126 3813 1139 3884 )
1149 3815 1245 3877 altera;
1258 3832 1274 3867 a

767 3917 781 3942 »
793 3895 857 3948 recti
868 3891 1034 3963 perversique
1044 3903 1132 3961 partus
1142 3902 1168 3944 et
1178 3899 1274 3959 potes·

767 3996 781 4021 »
795 3985 847 4027 tate
855 3983 881 4026 et
891 3973 1008 4026 nomine.
1022 3994 1035 4019 ι
1044 4001 1077 4014 -
1085 3970 1160 4042 liegii
1172 3968 1276 4023 codices

767 4053 790 4106 B
801 4061 828 4106 et
840 4049 863 4105 C
877 4050 975 4106 habent
986 4052 1132 4114 Postuerta
1144 4049 1173 4101 iu
1184 4045 1279 4102 codice
