2692 4672
195 340 263 426 454
581 338 867 410 excursos

193 482 308 556 eodem
333 479 465 555 nomine
490 480 686 583 plerumque
710 479 887 584 complecti
912 479 1086 568 solebant,
1114 507 1259 556 eommu-

193 605 302 680 tandis
312 603 435 679 multos
449 605 564 680 turbas
577 604 711 696 fecisse,
726 624 760 682 et
775 605 941 680 aduttum
955 632 1061 701 genus
1076 605 1260 706 pertineant

193 729 323 827 singula
343 728 436 818 lora,
454 760 522 807 non
539 731 602 806 rite
618 729 810 807 discrevisse
825 718 986 833 reperiam
1006 746 1028 803 ¹.
1052 732 1181 806 Verum
1199 732 1260 830 jam

193 853 277 927 vidit
298 854 444 929 Siecama
464 855 586 957 aliique
604 856 621 953 (
639 855 758 928 Graevii
774 855 932 928 Thesaur.
953 871 1032 927 tom.
1053 835 1188 952 Vlll),
1207 854 1260 954 qui

194 975 333 1052 alterum
349 1007 453 1074 genus
469 978 573 1053 fastos
590 979 752 1068 minores,
770 977 980 1052 kalendarios
994 973 1046 1050 rel
1064 975 1260 1061 kalendaria,

195 1098 334 1175 alterum
349 1101 452 1175 fastos
464 1101 603 1200 majores
618 1101 783 1189 vocando,
802 1082 945 1175 errorem
961 1099 1136 1174 vitandum
1150 1100 1261 1173 docue-

194 1241 292 1312 runt,
315 1224 376 1297 etsi
397 1223 465 1299 hoe
486 1222 584 1299 etiam
598 1221 799 1297 mouendum
815 1240 886 1312 est,
903 1219 945 1298 ab
962 1239 1049 1324 optt.
1067 1223 1261 1325 scriptorum

87 1422 92 1430 ,
197 1373 278 1432 usu,
292 1345 352 1420 ubi
365 1374 426 1420 nec
440 1344 518 1421 sesti
531 1344 719 1421 kalendares
728 1374 788 1420 nes
802 1344 991 1420 kalendaria
1002 1344 1171 1440 leguntur,
1184 1347 1262 1419 hane

95 1482 97 1487 ’
142 1478 148 1487 “
197 1466 469 1569 appellationem,
489 1498 552 1570 qua
572 1487 681 1545 tamen
705 1487 738 1543 et
759 1498 822 1544 nos
843 1469 884 1545 ad
908 1466 1025 1543 turbas
1049 1469 1199 1543 vitandas
1220 1469 1264 1542 uti

198 1590 409 1678 debebimus,
428 1591 616 1667 abhorrere.
626 1592 729 1695 Apud
743 1611 826 1696 optt.
842 1592 1021 1696 scriptores
1031 1592 1202 1667 Fastorum
1215 1620 1265 1664 uo

197 1744 274 1789 men
287 1715 322 1788 in
336 1733 479 1817 utroque
492 1744 609 1811 genere
625 1716 829 1806 adhibitum,
846 1736 960 1792 utrum
973 1746 1079 1815 genus
1091 1717 1264 1803 indioetur,

197 1836 364 1927 interdum
379 1837 562 1938 dijudicato
575 1838 712 1915 dillie'ile
727 1841 847 1916 reddit.

386 2063 415 2108 1.
441 2036 540 2111 Fasti
551 2038 633 2112 sacri
646 2042 663 2134 (
676 2037 873 2125 kalendares,
893 2037 1111 2137 kalendan'n).

247 2222 350 2297 Initio
363 2223 415 2297 lrae
426 2221 562 2314 tabula,
576 2224 665 2299 uude
678 2242 711 2298 et
722 2249 844 2298 nornen
857 2225 1071 2315 invenerunt,
1085 2224 1171 2300 nihil
1183 2223 1266 2300 aliod

202 2345 292 2421 fuere
308 2375 347 2421 ac
363 2345 509 2432 dierum,
528 2347 653 2446 quibos
669 2346 731 2421 lari
749 2345 807 2443 (id
826 2364 895 2436 est,
915 2348 970 2447 jus
988 2348 1124 2444 dicere)
1144 2348 1266 2436 liceret,

192 2499 261 2575 ¹noe
277 2499 339 2559 ne,
360 2497 422 2571 per
436 2486 545 2543 totum
560 2495 684 2543 aunum
706 2469 917 2557 notationes,
941 2461 987 2544 ita
1011 2488 1052 2545 nt
1070 2458 1179 2548 euiris
1197 2470 1268 2546 anni

202 2593 286 2681 diei,
302 2593 371 2668 sire
383 2592 503 2682 fastus,
522 2591 591 2667 sire
602 2593 771 2681 nefastus,
788 2587 855 2668 sire
872 2593 1046 2669 iuterui‘sue
1059 2612 1163 2684 esset,
1179 2595 1271 2670 uestis

202 2713 307 2807 signis
322 2712 381 2808 (F.
399 2713 442 2785 N.
455 2727 490 2784 et
502 2709 570 2809 Ε.·)
580 2710 603 2783 ἰ.
622 2737 649 2784 e.
664 2711 893 2786 endotereisus
909 2720 923 2750 ²
939 2711 1145 2816 adscriptum
1153 2730 1235 2787 esset
1246 2707 1270 2785 ³.

203 2834 401 2943 ¹Ellieiebant
422 2836 468 2909 ita
489 2854 618 2936 partem
633 2836 720 2935 juris
731 2834 858 2926 uirilis,
881 2862 974 2940 teque
992 2864 1031 2912 ae
1050 2836 1271 2914 conuuurii

204 2956 420 3060 pontificum,
445 2974 479 3029 et
500 2974 634 3031 senatus
652 2958 908 3062 pontifieosqoe,
924 2961 1018 3037 utin
1030 2961 1096 3037 lrae
1115 2987 1150 3034 re
1164 2960 1272 3056 magis

204 3109 266 3182 pro
284 3079 422 3154 arbitrio
437 3107 531 3174 agere
544 3099 695 3180 possent,
709 3111 728 3156 a
741 3083 860 3186 populi
875 3101 1056 3186 conspeetu
1072 3087 1133 3160 bas
1144 3083 1272 3160 tabulas

205 3205 381 3303 diligenter
392 3233 501 3280 arcere
513 3202 603 3279 soliti
617 3225 710 3281 erant
721 3205 750 3297 ⁴;
765 3209 869 3283 donee
883 3236 1011 3284 summa
1027 3239 1103 3287 eum
1118 3209 1271 3286 senatorii

239 3407 249 3437 ¹
268 3402 369 3471 Omnia
386 3403 499 3458 turbarit
515 3424 538 3453 v.
551 3424 572 3456 e
588 3403 673 3458 Adam
687 3404 714 3457 in
763 3422 822 3457 rum
831 3403 969 3472 vestigium
977 3405 1047 3459 sorte
1056 3415 1162 3478 apparet
1172 3405 1198 3458 iu
1208 3424 1272 3475 pon·

207 3481 317 3550 Antiqu.
330 3482 408 3535 Rom.
420 3500 434 3533 e
447 3500 511 3534 vers.
523 3481 643 3553 Meyeri,
656 3492 675 3533 t.
684 3483 714 3548 l,
763 3480 945 3535 etficeattuma
951 3484 1082 3550 instituto,
1088 3484 1133 3537 ubi
1141 3483 1196 3536 liv.
1204 3483 1271 3548 l,ao·

205 3580 231 3630 p.
247 3561 311 3625 5αὸ,
325 3561 370 3629 qrri
381 3560 461 3615 laetos
475 3560 611 3615 historicos
623 3572 650 3614 et
662 3559 715 3614 ka·
762 3559 884 3611 Ee'sam
894 3566 1120 3630 omornexscn'pu
1129 3567 1272 3630 mimie-

206 3636 329 3692 lendares
339 3647 366 3689 et
377 3657 479 3691 summa
491 3638 549 3691 imis
560 3638 658 3692 miscet.
762 3643 906 3706 qnelribuil,
915 3643 1110 3707 qur'basdostei's,
1122 3639 1272 3711 quibusdie·

239 3717 344 3769 ’Eudo
361 3715 432 3768 enim
451 3717 557 3786 entique
575 3724 625 3786 pre
640 3723 668 3770 in
686 3718 714 3771 in
762 3714 820 3780 boe,
831 3719 1024 3785 adquetempla
1035 3723 1220 3790 sacmfiaent,
1234 3728 1273 3771 at·

207 3796 256 3864 leg.
270 3795 325 3848 Xll
338 3793 389 3847 tab.
407 3792 475 3862 apud
488 3794 606 3848 Ennium
622 3806 649 3848 et
661 3795 717 3849 Lu·
763 3812 811 3862 que
820 3797 886 3847 unde
896 3799 922 3846 r’n
932 3813 975 3848 eos
984 3806 1084 3850 sunm
1094 3805 1241 3866 emuntur.

207 3882 270 3926 eret.
279 3881 368 3926 exstat.
378 3869 474 3926 ctede
483 3872 581 3940 leffill,
594 3871 626 3937 85
639 3871 716 3926 Lucr.
796 3871 808 3907 ⁴
824 3871 880 3925 Lir.
892 3871 948 3941 IV,
964 3875 987 3927 3.
1000 3870 1147 3929 Canuleius
1162 3875 1191 3928 in
1206 3894 1270 3927 ora-

207 3947 291 4013 lib.l,
307 3951 347 4002 82.
764 3949 837 4004 tione
860 3961 951 4006 contra
975 3961 1097 4006 senatum
1117 3954 1188 4008 inter
1206 3953 1270 4017 alia,

241 4024 254 4058 ³
271 4026 364 4081 Festus
375 4046 414 4080 ex.
425 4027 533 4081 emend.
551 4026 616 4081 Dae
630 4028 717 4080 Fastis
765 4025 1134 4098 qundevioleutiaetinjuria
1145 4029 1202 4098 ejus
1211 4047 1272 4083 con·

207 4109 272 4157 enim
284 4103 414 4174 detssastr‘
422 4111 516 4161 tirsum.
528 4105 651 4160 Pn'murn
664 4124 717 4160 eo·
766 4108 885 4178 queritur
897 4126 905 4162 ι
915 4128 929 4156 o
939 4107 1056 4164 Obsecro
1064 4128 1121 4176 vos,
1129 4109 1182 4178 ait,
1193 4113 1271 4163 sim
