2692 4672
419 305 472 373 ru
496 305 676 375 ov1u11
701 307 918 376 essuos.
1135 312 1204 408 ⁴79

134 445 371 549 expositurus,
397 443 552 520 tibicines
575 471 734 520 romanos
760 443 940 546 aliquando
962 448 1037 547 jura
1050 441 1205 552 ‘quaedam

137 569 204 646 sibi
220 568 349 643 ademta
367 595 451 664 aegre
468 594 585 669 passm
599 565 707 643 Tibur
724 566 908 656 exsulasse,
933 572 1044 662 uanit;
1067 572 1201 651 alterius

139 692 285 769 censoris
302 707 410 766 autem
427 690 569 780 astutia,
587 719 689 792 quum
706 690 824 788 religio
840 691 910 792 ejus
927 693 975 767 rei
988 714 1138 772 senatum
1154 717 1206 775 te·

139 834 249 905 neret,
268 832 370 917 potos
388 814 425 888 in
446 812 597 916 plaustro
620 832 724 890 noctu
747 815 784 888 iu
808 814 926 890 urbem
952 817 1100 894 invectos
1115 850 1206 899 esee:

140 968 224 1014 vers.
239 937 333 1029 683,
352 939 398 1014 ita
416 939 550 1041 pergit:

272 1136 386 1208 Jamque
398 1156 446 1208 per
459 1136 592 1208 Exquiliao
602 1137 896 1192 romanam‘intraverat
907 1140 1018 1207 urbem

323 1233 358 1288 Et
370 1251 449 1287 mone
462 1231 490 1286 in
502 1231 593 1286 medio
604 1231 719 1301 plaustra
729 1231 808 1286 luere
818 1228 887 1287 loro.

271 1326 404 1389 Calidas,
420 1334 450 1378 ut
463 1332 568 1395 ponent
579 1322 664 1394 specie
677 1339 842 1392 numeroque
853 1332 975 1379 uuum

320 1413 443 1482 Fallere,
455 1412 574 1485 personis
584 1413 696 1483 imperat
709 1430 755 1466 ora
767 1413 828 1484 tegi.

271 1503 460 1573 Admisoetque
474 1501 553 1558 alios:
564 1513 592 1558 et
605 1514 636 1557 ut
649 1501 720 1557 buno
733 1501 841 1556 tibicine
850 1513 949 1558 ooetum

321 1591 440 1662 Augeat,
453 1590 482 1645 iu
494 1591 578 1663 longis
590 1592 704 1646 vestibus
715 1590 754 1646 ire
767 1588 849 1660 iubet.

272 1680 317 1735 sie
330 1679 440 1735 reduoer
452 1680 520 1734 bene
532 1699 606 1751 poure
619 1679 686 1751 tegi,
699 1696 734 1735 ue
744 1679 815 1734 forte
827 1689 955 1736 notentur
1165 1707 1173 1741 r

323 1768 426 1825 Contra
439 1773 547 1840 Collep
557 1771 627 1842 juna
638 1769 735 1826 redite
746 1778 796 1827 ω’.
1156 1773 1206 1850 ⁶9⁰

139 1939 221 2015 Duo
231 1937 268 2013 in
280 1966 417 2014 censura
431 1936 564 2035 college
580 1955 659 2014 tuuc
673 1938 783 2026 suere,
802 1939 935 2039 Appius
948 1936 1106 2014 Claudius
1119 1956 1153 2014 et
1164 1940 1204 2016 C.

139 2061 312 2155 Plautius3
329 2064 401 2140 Liv.
420 2066 453 2154 Ι,
472 2092 500 2138 c.
516 2065 668 2139 -Versu
685 2061 757 2166 690
770 2063 834 2138 sub
847 2063 964 2166 collega
975 2064 1053 2167 qui,
1069 2091 1111 2140 ne
1130 2064 1206 2140 irri-

139 2202 212 2262 tum
226 2186 347 2263 sarem
363 2185 558 2277 consilinm,
572 2187 724 2276 timetur,
741 2184 831 2261 haud
844 2185 1089 2289 dnbie'llppius
1105 2186 1204 2264 Clau·

140 2308 217 2387 dius
231 2309 482 2406 intelligendum
500 2311 541 2385 cs.
560 2340 590 2385 v.
607 2307 689 2383 663.
708 2307 855 2385 Alterius
871 2337 994 2385 nomen
1009 2310 1046 2384 iu
1063 2310 1206 2413 vulgatis

140 2431 252 2519 deest,
270 2430 327 2506 sed
345 2457 363 2503 e
378 2432 467 2507 varia
478 2431 618 2508 lectione
636 2429 765 2507 Cuubirs
779 2461 842 2535 pro
860 2429 1205 2532 Cullr'dusjamdudum

139 2552 279 2651 Pighius
295 2581 314 2627 e
332 2553 520 2653 conjectura
531 2555 720 2631 restituerat
731 2550 894 2642 Plautius,
912 2554 1005 2658 quod
1020 2555 1116 2629 unice
1129 2583 1204 2630 sen-

135 2703 214 2751 sum
230 2674 420 2777 praebebat,
439 2703 543 2776 quum
558 2705 680 2753 nomen
691 2678 866 2779 proprium
876 2676 926 2750 ibi
942 2677 1128 2752 necessario
1146 2676 1204 2752 de-

137 2800 349 2877 sideraretur.
368 2803 399 2877 E
414 2800 529 2898 gentis.
540 2801 677 2876 Plautiae
693 2829 830 2877 nummo
853 2801 942 2899 (rid.
964 2801 1083 2876 tethel.
1103 2800 1125 2876 l.
1143 2804 1204 2898 c.)

140 2949 239 3024 quem
254 2925 325 3027 ipse
341 2924 376 2999 in
392 2925 531 3011 Museo,
550 2922 643 3025 quod
658 2923 812 2998 Cassellis
827 2941 897 3014 est,
919 2924 1068 3026 inspexi,
1085 2924 1146 3000 ubi
1162 2923 1205 3000 ad

141 3043 282 3146 lepidam
298 3047 382 3123 hanc
400 3045 636 3148 catastrophen
653 3044 826 3135 alluditur,
843 3047 898 3123 vix
916 3046 1056 3123 dubium
1075 3075 1205 3124 munero

141 3167 280 3270 poterit,
295 3171 461 3246 Plautium
473 3171 719 3246 tuncrestitutae
732 3170 823 3271 pacis
834 3188 869 3246 et
883 3173 945 3273 piae
954 3170 1078 3244 fraudis
1089 3187 1204 3243 aucto-

142 3320 211 3367 rem
226 3291 344 3379 fnisse,
359 3312 394 3368 et
411 3296 523 3393 Pighii
539 3295 759 3394 conjecturam
775 3295 870 3368 unice
887 3311 1007 3368 rectam
1028 3321 1202 3394 veramque

138 3444 221 3491 esse.
242 3415 355 3490 Habet
368 3443 524 3495 nummus
540 3422 576 3493 iu
594 3421 674 3493 Ant.
688 3419 855 3494 Personam
868 3418 1032 3503 mulierem,
1047 3416 1198 3519 inscript.

139 3543 179 3616 L.
198 3536 343 3613 Plautus
351 3569 365 3626 ;
386 3538 422 3612 iu
444 3566 557 3614 averso
575 3560 682 3617 exstat
698 3543 827 3619 Aurora
843 3539 927 3616 alata
942 3558 1084 3641 quatuor
1097 3531 1201 3642 equus

139 3661 284 3750 duceus;
303 3660 495 3735 inscribitur
515 3662 662 3736 Plancus.
682 3664 827 3738 Persona
844 3661 1015 3738 muliebris
1033 3663 1075 3737 ad
1089 3665 1201 3763 jocum

140 3812 160 3857 a
181 3811 216 3858 se
231 3783 471 3878 excogitatum,
489 3786 619 3857 Aurora
647 3782 689 3857 ad
715 3801 845 3887 tempus
868 3784 1092 3886 catastropbes
1113 3782 1200 3857 allu-

140 3904 255 3996 debat,
273 3923 340 3981 eta
358 3905 515 4003 dignitate
531 3906 638 4002 gentis
651 3933 719 3980 nou
734 3906 877 3982 alienum
893 3926 977 3996 erat,
993 3908 1136 3980 nummis
1149 3906 1200 3980 iu·

142 4028 260 4104 cudere
276 4057 387 4105 casum
403 4029 567 4132 aliquem,
585 4030 644 4134 qni
667 4028 743 4106 sesti
765 4030 902 4131 alicujus
928 4028 1088 4108 Romanis
1103 4028 1199 4125 ougo
