2692 4672
411 332 709 400 rasronunt
733 333 829 400 Lm.
860 337 910 401 ιι.
1149 343 1191 431 ⁸7

181 474 280 545 Nunc
296 499 430 571 quoque
448 471 528 545 dant
543 472 643 545 verbo
660 470 802 573 plurima
818 473 912 568 signa
926 473 1034 547 sidem.
1160 512 1193 547 20

133 587 313 662 Pontifices
330 586 372 659 ab
391 589 482 682 Rege
499 604 639 687 petunt,
656 604 690 659 et
707 586 851 662 Flamine
868 588 976 678 lanas,

183 704 271 798 Quis
288 703 390 777 veteri
404 701 518 796 lingua
532 702 661 776 Februa
676 732 797 778 nomen
812 723 881 779 erat
896 736 904 778 ε

139 819 285 919 Quaque
301 817 389 918 capit
404 816 501 892 lictor
516 818 673 893 domibus
688 820 885 919 purgamina
898 823 1015 910 certis,

187 934 326 1007 Torn'da
343 962 417 1007 cum
433 933 517 1006 mica
532 932 618 1006 farra
633 952 793 1007 vocantur
808 935 895 1009 idem
910 965 919 1024 ;

142 1049 268 1122 Nomen
283 1049 369 1122 idern
385 1077 499 1136 ramo,
518 1050 575 1150 qui
592 1078 693 1124 casus
709 1050 751 1123 ab
770 1049 888 1125 arbore
903 1080 1005 1152 pura,
1165 1076 1196 1126 25

185 1166 284 1239 (hsta
302 1166 510 1239 sacerdotum
528 1184 676 1266 tempora
692 1165 808 1240 fronde
825 1168 916 1262 tegit.

136 1281 211 1380 lpse
228 1308 291 1375 ego
304 1279 516 1354 Flaminicam
530 1299 719 1381 poscentem
737 1281 853 1355 februa
866 1281 932 1355 vidi
947 1310 955 1353 :

184 1396 313 1470 Februa
328 1397 480 1497 poscenti
496 1397 593 1498 pinea
607 1398 698 1494 virga
715 1396 789 1470 data
807 1414 867 1471 est.

135 1511 289 1614 Denique
306 1515 539 1615 quodcumque
556 1532 624 1601 cst,
644 1543 711 1615 quo
728 1531 861 1615 pectora
877 1529 992 1586 nostra
1009 1513 1156 1613 piamun,

186 1630 261 1702 Hoc
275 1631 363 1730 apud
379 1631 530 1704 intonsos
547 1658 669 1704 nornen
686 1630 833 1703 habebat
848 1656 935 1703 avos.
1165 1654 1197 1704 ιο

138 1743 267 1819 Mensis
283 1746 325 1819 ab
340 1746 394 1819 his
410 1746 538 1833 dictus,
557 1763 643 1820 secta
662 1746 738 1846 qnia
752 1743 836 1846 pelle
853 1745 996 1844 Luperci

190 1861 297 1935 Omne
314 1860 423 1936 solnm
439 1860 599 1950 lustrant,
616 1861 716 1961 idque
733 1859 864 1960 piamen
881 1858 1026 1948 habent;

144 2079 158 2103 ι
170 2057 264 2111 libello.
272 2060 404 2112 »ledes
412 2061 458 2112 dat
467 2068 512 2112 aut
517 2058 647 2126 faciliter
694 2074 795 2117 veteres
803 2062 929 2132 putarint,
938 2062 1200 2132 omnibusspinarusn

145 2141 200 2198 bis,
221 2136 266 2203 qui
278 2155 309 2188 ea
320 2136 456 2190 confimat
473 2149 500 2191 et
515 2157 576 2190 vera
592 2155 647 2190 esse
695 2140 834 2210 generibus
850 2140 901 2191 vim
918 2159 971 2192 esse
989 2140 1094 2195 insitam
1111 2162 1200 2197 nona-

148 2213 278 2275 ostentlit3
295 2213 401 2269 (lortius
418 2218 450 2270 ael
466 2218 567 2273 Sallust.
586 2218 648 2286 Jug.
693 2238 754 2272 rum
767 2218 995 2289 depellendum:
1016 2219 1074 2275 ride
1089 2220 1121 2274 sel
1138 2244 1198 2276 var·

150 2304 217 2341 ¹X¹V
227 2327 235 2353 s
247 2309 272 2361 9·
283 2289 336 2342 sed
347 2309 417 2344 nune
427 2304 464 2346 est
474 2315 481 2347 ·.
490 2296 647 2350 confirmare
694 2316 752 2350 sum
760 2300 814 2351 558.
824 2297 949 2349 Burman
961 2306 1052 2351 conten
1061 2316 1116 2350 non
1126 2299 1201 2352 dam-

145 2367 367 2436 significationem
386 2369 455 2422 verbi
471 2385 647 2427 memoratam.
694 2371 832 2442 nat,quo‹l
844 2373 871 2425 in
885 2373 983 2427 llamhs
991 2382 1089 2439 exstat,
1099 2378 1197 2439 laureas

145 2446 283 2513 wilpa,
300 2455 463 2514 argumenta.
695 2471 810 2522 namque
822 2462 850 2505 et
860 2453 934 2505 lauro
950 2462 1052 2506 veteres
1071 2472 1131 2506 usos
1146 2474 1200 2507 esse

177 2521 648 2583 ar.Ritnsnonalinndenotmoin-
694 2530 722 2583 in
742 2530 937 2583 lustrationibus
951 2568 959 2596 ,
975 2530 1030 2596 lv,
1050 2536 1093 2600 74¹
1113 2550 1159 2598 sq,
1174 2542 1201 2584 et

147 2602 219 2671 gitur.
231 2605 290 2655 Iler
302 2623 402 2672 nempe
413 2610 648 2661 sacrorum—La·
694 2611 761 2660 eada
772 2617 798 2659 et
807 2611 894 2661 Inna
909 2618 1158 2660 commemorantur.
1169 2636 1200 2649 -

145 2681 254 2743 suillas
265 2680 317 2733 ruli
329 2682 408 2734 fuisse
419 2680 528 2746 coloris,
546 2681 647 2753 Neapol.
696 2687 801 2737 Pectora
811 2700 861 2753 pro
871 2702 975 2751 corpora
990 2697 1133 2754 agnoscunt
1146 2705 1201 2736 un-

148 2757 272 2817 actem.
285 2759 359 2813 Alex.
372 2759 472 2812 srrom.
488 2759 556 2824 Vll,
568 2761 649 2829 conji-
696 2760 883 2821 desitutus&
896 2761 940 2814 sed
949 2766 1051 2829 premnt
1064 2779 1111 2830 pro
1122 2768 1200 2828 peirn·

148 2834 195 2903 eit,
208 2837 255 2891 nbi
271 2843 321 2910 ῒρια
335 2840 408 2912 cuppla}
422 2837 451 2888 in
468 2834 562 2889 ritibus
576 2837 649 2891 aab
694 2848 777 2893 mes
788 2856 844 2891 uno
858 2838 1007 2892 Bononien.
1020 2839 1149 2907 amplexus
1163 2850 1203 2893 est

148 2922 335 2969 memorantur.
344 2914 478 2985 lnterpres
488 2912 650 2981 Francoru-
696 2918 804 2984 Heins.‚
819 2926 848 2970 ut
861 2916 895 2970 sit
907 2915 949 2970 ille
962 2915 1060 2972 Ovidio
1071 2916 1202 2971 familiaris

147 2987 185 3045 lus
200 2990 271 3045 male
284 2992 384 3059 apicem
400 2990 509 3061 inpileo
523 2987 654 3044 sacerdo-
696 2995 850 3066 prodemus
869 3021 902 3034 -
928 2995 1064 3055 Incensus,
1091 2993 1201 3046 omnino

150 3067 314 3137 tisintelligit
325 3095 359 3108 -
369 3068 465 3130 heret,
480 3087 579 3138 nempe
591 3065 654 3121 ets·
697 3073 808 3143 priscus;
825 3071 880 3136 vt,
897 3071 958 3137 264,
970 3076 1085 3124 intonsas
1101 3073 1201 3131 ΝΜ,-

149 3149 225 3204 minis
241 3148 331 3204 Dialis
342 3177 376 3189 -
391 3151 491 3211 strias,
511 3152 582 3218 (pro
599 3164 653 3216 quo
699 3150 792 3203 Horat
805 3151 847 3216 ll,
862 3147 915 3201 Od.
928 3165 978 3212 xv,
995 3167 1037 3212 ιι,
1049 3148 1202 3199 Intonsi&-

149 3227 189 3280 alii
201 3226 290 3293 MSS,
302 3233 396 3289 cemes,
412 3230 502 3288 ternis,
514 3223 647 3294 acernis.)
697 3232 772 3279 tonsi.
799 3226 907 3277 Tonderr‘
928 3223 1042 3275 Romani
1069 3232 1202 3291 eoeperunt

149 3307 274 3360 Heinsius
289 3325 336 3359 suo
353 3306 468 3374 periculo
484 3308 580 3359 mutari
598 3305 654 3359 vult
699 3307 757 3358 urb.
771 3303 848 3357 cond.
859 3306 923 3368 454,
937 3320 1019 3370 quum
1032 3311 1107 3354 antea
1118 3312 1204 3355 essent

149 3381 274 3439 intersis.
288 3383 349 3452 quia
360 3383 389 3435 in
404 3381 600 3452 purgationibus
609 3400 654 3434 so-
700 3379 798 3434 intonsi
808 3390 834 3433 et
847 3378 963 3440 barbati;
980 3376 1048 3431 Ptin.
1064 3377 1134 3444 Vll,
1148 3381 1186 3450 59.

151 3456 242 3513 lemnia
259 3459 373 3513 formula
388 3470 480 3526 tergere
494 3462 591 3512 maun
608 3470 655 3512 ant
733 3456 825 3524 31-34.
837 3455 971 3509 Februarii
981 3474 1089 3510 nornen.
1099 3458 1202 3509 Festus:

152 3537 236 3591 lt'us'n
252 3557 326 3608 aqua.
338 3565 372 3577 —
390 3538 511 3598 Tom'da.
527 3547 608 3601 tosta,
624 3544 654 3588 ut
702 3536 886 3590 «Februarius
903 3536 1000 3589 mensis
1017 3535 1114 3602 dietus,
1135 3536 1204 3605 quod

155 3629 226 3679 sepe.
239 3616 307 3669 Vide
323 3614 476 3668 Heinsium.
487 3639 520 3653 ·-
529 3613 571 3666 De
587 3617 655 3666 erres
702 3635 716 3662 s
731 3624 803 3680 tum,
816 3612 843 3666 it
857 3623 896 3667 est
913 3623 1029 3666 extremo
1040 3615 1102 3666 anni
1114 3632 1204 3666 mense

153 3688 213 3742 salis
221 3691 318 3747 videarl
336 3695 365 3761 l,
378 3696 435 3748 338.
452 3720 486 3732 ·-
499 3695 591 3746 Petam
605 3712 654 3745 nr-
703 3716 716 3741 s
730 3692 839 3762 populus
846 3691 1023 3758 statuantur,
1033 3690 1059 3743 id
1070 3702 1108 3745 est
1117 3691 1205 3742 lustra·

152 3773 238 3823 boren
248 3790 298 3827 esee
308 3776 417 3844 pinum,
436 3793 451 3827 e
463 3759 547 3826 'versu
564 3774 612 3837 28,
629 3781 656 3825 et
703 3792 717 3816 a
729 3779 803 3823 retur
813 3789 842 3822 ae
854 3779 1009 3838 purgaretur
1022 3786 1029 3819 z
1040 3767 1080 3819 vel
1092 3784 1106 3817 a
1117 3765 1204 3818 Juno·

154 3849 211 3902 aliis
223 3847 286 3902 loc'u
294 3864 381 3906 meet
392 3851 523 3927 Neapolis.
537 3851 657 3902 Vocatur
704 3869 718 3895 s
731 3867 765 3901 ne
776 3846 903 3915 februata,
912 3866 991 3917 quarn
1001 3845 1043 3898 alii
1050 3844 1203 3908 februalem,

150 3949 217 3998 pm
226 3934 393 3998 proptervia·
405 3928 657 4002 purificandis-m
704 3951 718 3977 s
732 3927 844 3981 Romani
863 3927 1000 3980 lebroalim
1014 3933 1123 3975 vocant:
1134 3924 1204 3992 quot

154 4013 263 4069 msera,
281 4006 402 4063 Mais
412 4008 495 4062 Dialis
507 4009 658 4062 one-1²1·-
705 4027 719 4053 υ
731 4005 778 4074 ipsi
790 4024 822 4058 eo
833 4022 922 4057 mense
933 4019 1004 4056 saera
1015 3998 1122 4069 fiebant,
1134 4001 1204 4068 ejus-

154 4105 210 4143 aea.
228 4085 328 4140 Heius.
345 4084 396 4154 leui
411 4086 466 4141 salt
480 4090 581 4154 speres,
597 4082 658 4151 quis
707 4105 721 4131 s
734 4101 785 4150 que
796 4082 867 4136 teris
877 4087 953 4133 erant
962 4075 1120 4146 Lupercalia,
1134 4088 1182 4132 ete
1193 4100 1207 4124 n
