2692 4672
401 297 706 402 rasronulm
733 335 834 401 uro.
858 334 927 400 vr.
1131 337 1193 421 411

136 477 318 574 Quumque
336 470 379 546 ait
394 471 427 543 in
442 470 548 544 media
565 499 675 545 rerum
690 471 823 566 regione
840 468 965 560 locata,
1025 551 1027 555 Α

185 595 231 665 Et
250 606 362 684 tangat
378 587 506 662 nullum
525 587 639 689 plusve
656 590 805 663 minusve
820 589 928 678 latus3

137 705 182 777 Ni
197 730 341 777 convexa
358 702 463 786 soret,
481 703 567 804 parti
583 703 724 777 vicinior
740 720 846 791 esset3
1150 722 1198 796 ²7⁵

186 823 256 893 Nec
272 819 417 892 medium
437 836 555 893 terram
570 818 715 892 mundus
733 817 869 893 baberet
886 846 982 894 onus.

139 936 224 1009 Arce
242 934 412 1034 Syracosia
430 962 611 1036 suspensus
628 935 662 1008 in
678 964 750 1010 aere
767 934 879 1009 clauso

188 1048 264 1121 Stat
280 1046 422 1142 globus,
440 1048 590 1121 immensi
608 1075 706 1147 parva
722 1046 828 1144 ligura
845 1046 936 1148 poli:

141 1166 188 1237 Et
204 1182 397 1265 quantuma
417 1164 572 1251 summis,
591 1181 718 1239 tantum
738 1165 872 1240 secessit
888 1165 931 1238 ab
949 1165 1022 1238 imis

189 1282 290 1355 Terra
308 1311 315 1353 :
336 1280 425 1381 quod
443 1299 482 1356 ut
498 1281 575 1365 liat,
594 1280 699 1353 forma
716 1282 860 1355 rotunda
878 1282 965 1356 lacit„
1154 1305 1204 1356 auo

143 1394 207 1468 Par
220 1394 317 1468 facies
335 1391 468 1494 tcmpli;
485 1390 598 1467 nullus
615 1392 780 1494 procurrit
797 1394 831 1465 iu
848 1392 907 1467 illo
992 1407 995 1414 '

190 1505 344 1603 Angulus
362 1536 369 1579 :
389 1535 407 1578 a
423 1505 537 1606 pluvio
554 1506 699 1579 vindicat
714 1505 819 1581 imbre
839 1507 962 1581 tholus.

145 1622 213 1696 Cur
231 1623 276 1696 sit
292 1621 467 1716 virgineis,
488 1621 624 1722 quaeris,
643 1621 703 1694 dea
722 1622 810 1696 culta
823 1623 1005 1698 ministris?

118 1722 121 1729 ¹
189 1740 355 1813 Inveniam
372 1766 484 1813 causas
499 1738 560 1811 bac
578 1767 711 1839 quoque
728 1758 820 1840 parte
838 1770 937 1816 suas:

144 1856 195 1929 Ex
213 1855 288 1955 Ope
307 1856 473 1929 lunonem
489 1865 672 1929 memorant
690 1856 906 1959 Cereremque
924 1873 1048 1931 creatas
1156 1878 1205 1931 285

144 2059 357 2113 nituntur-Nec
366 2063 471 2113 aredium
482 2071 531 2113 etc.
541 2078 596 2112 non
605 2061 651 2114 ba·
698 2061 797 2129 optimo
809 2060 935 2113 Patavino
942 2071 969 2113 et
978 2058 1079 2113 duobus
1088 2059 1142 2113 aliis
1153 2068 1207 2114 arce

144 2137 403 2193 beretmolemtem
413 2141 439 2192 in
446 2139 650 2194 medlo-Orus
698 2138 807 2191 muniit
821 2137 848 2190 in
860 2153 935 2203 arce,·
952 2147 1108 2207 monetque,
1121 2136 1207 2191 intel-

145 2216 272 2286 quidquid
286 2227 415 2285 gestatum
430 2218 485 2282 lV,
502 2221 567 2285 241,
586 2238 650 2273 onas
699 2216 742 2284 ligi
754 2213 948 2281 Achradinam,
968 2214 1107 2267 editiorem
1119 2214 1206 2288 Syra-

143 2298 263 2362 e'ugm'm's.
273 2294 352 2346 Hauc
363 2294 517 2348 lectantem
526 2296 651 2351 Heinsius
699 2310 819 2346 cusarum
828 2302 930 2360 partem
938 2312 945 2353 ;
952 2291 988 2345 ibi
997 2293 1069 2344 enim
1075 2302 1205 2346 serratam

144 2369 238 2424 habuit
255 2387 285 2420 es
304 2369 409 2433 Ursini,
424 2371 487 2425 Leti
505 2382 532 2425 et
549 2371 651 2427 duobus
700 2390 753 2423 esse
767 2370 836 2422 illam
848 2370 992 2439 spbaeram,
1016 2389 1047 2422 es
1063 2368 1205 2437 Atheneo,

145 2444 218 2505 aliis;
237 2442 313 2512 vulgo
332 2443 426 2514 legitur
439 2465 446 2497 :
458 2457 527 2498 terre
547 2453 653 2503 mades
700 2447 726 2499 V
735 2485 744 2512 ,
753 2463 780 2497 xr
790 2484 798 2511 ,
809 2465 835 2514 p.
843 2464 907 2515 ²⁰72
922 2464 937 2498 a
954 2449 1202 2517 pueros-Tholas,

145 2524 327 2577 tabentem.
700 2535 798 2578 tectum
812 2524 934 2593 (proprie
978 2521 1207 2588 terius)rotuodae

179 2619 236 2666 ²77·
249 2597 422 2652 Archimedes
431 2619 612 2671 syracusanus,
623 2613 654 2658 ut
700 2601 763 2655 adia
774 2601 802 2653 io
812 2600 970 2654 testudinem
979 2610 1207 2654 concamerata).-

148 2678 245 2740 multa,
257 2677 293 2729 ita
300 2689 326 2731 et
333 2677 461 2747 spheram
472 2679 571 2734 invenit
579 2719 588 2747 ,
596 2701 654 2750 quaa
700 2684 804 2733 Pierias
813 2683 928 2733 emicent
936 2679 1052 2744 Tacitus,
1062 2679 1206 2746 Histonv,

127 2794 177 2831 ³2.
244 2755 304 2809 solis
319 2767 346 2810 et
361 2756 495 2810 suttarmn
511 2759 653 2812 errantium
700 2758 1001 2824 23,pun·ares1·aetres;
1015 2758 1059 2826 qui
1072 2767 1171 2810 etcum
1181 2756 1208 2809 ri

247 2843 276 2900 t,
287 2834 341 2899 ita,
354 2847 383 2888 ut
397 2833 516 2889 tarditate
529 2844 555 2888 et
564 2836 654 2890 celeri·
699 2836 813 2901 eadunt,
826 2833 908 2889 etdiu
917 2833 1021 2888 durant.
1030 2834 1208 2889 -Caeterurn

150 2916 202 2969 hle
211 2906 397 2965 dien’millinos
412 2920 499 2964 motus
511 2931 565 2967 una
579 2933 655 2983 rege-
700 2912 769 2982 apud
778 2911 960 2981 Plutarchum,
969 2912 1089 2985 Sympos.
1097 2913 1207 2980 V11‚4,

149 2996 190 3041 ret
198 2988 343 3043 convenio.
356 2988 452 3043 Cincta
463 2999 521 3044 erat
531 2986 656 3060 uptsvi-
700 2988 810 3063 ῃίἆοω
822 2992 955 3058 observat,
970 3011 1090 3046 mensam
1102 3009 1208 3061 quoque

150 3064 227 3132 ltin,
240 3084 290 3133 qua
299 3071 453 3120 arcelaum
464 3078 569 3122 motum
580 3068 655 3122 illum
700 3079 779 3124 temer
796 3088 850 3123 esse
868 3070 1036 3123 simulacrum
1051 3109 1059 3136 ,
1076 3087 1207 3136 eamque,

150 3138 254 3194 efficere
267 3143 438 3206 credebatur,
453 3141 566 3210 Cicero,
580 3144 665 3198 Tus··
701 3148 763 3216 quia
775 3147 890 3200 rotunda
900 3148 933 3200 sit
944 3158 971 3200 et
986 3145 1097 3209 stabilis,
1112 3155 1208 3199 rectea

151 3220 201 3275 cul.
211 3222 225 3275 Ι
233 3260 241 3287 ,
254 3225 301 3286 25,
316 3221 493 3289 Claudianus,
508 3223 597 3295 Epigr.
607 3225 654 3278 68:
702 3223 859 3291 quibusdam
873 3224 981 3275 Vestam
993 3221 1086 3274 vocari.

151 3300 216 3353 Im
222 3303 293 3367 poli,
307 3320 433 3368 rerumque
434 3305 526 3372 fidens,
542 3309 657 3373 leffesque
735 3303 859 3372 add-294.
873 3299 932 3352 Cur
945 3299 993 3352 dea
1005 3298 1128 3366 virgineis
1137 3297 1209 3351 colu-

151 3379 250 3430 leomn
261 3375 402 3447 (ordinem
414 3389 526 3447 nature,
544 3392 655 3452 systema
702 3389 746 3432 tur
763 3377 896 3431 ministris.
920 3377 1003 3432 Multi
1022 3376 1211 3431 interveram

152 3455 266 3525 mundi)
280 3459 349 3512 Ecce
365 3458 514 3529 Syracosius
529 3464 658 3513 transtulit
702 3458 759 3527 ejus
774 3456 813 3510 rei
827 3475 930 3510 causam
947 3456 1128 3524 quaesiverunt.
1139 3456 1211 3510 Plu-

151 3537 659 3603 enesemdaectasusomrssamutur
702 3534 821 3600 tarcbus,
834 3553 888 3603 cap.
904 3556 934 3607 9,
949 3534 1065 3587 Numam
1080 3547 1154 3604 putat
1165 3547 1210 3589 aut

152 3617 256 3680 spirim
265 3619 358 3674 astris,
375 3616 413 3667 Et
421 3618 504 3667 ruisse
518 3619 592 3667 certis
601 3636 657 3669 no-
703 3633 795 3684 puram
808 3615 1038 3685 incorruptamque
1051 3616 1117 3685 ignis
1130 3628 1210 3670 uatu-

153 3693 221 3744 tr‘lss
229 3701 299 3758 sege!
309 3710 377 3757 opus.
388 3692 500 3746 lansius
508 3701 581 3761 putat
590 3732 597 3759 ,
607 3695 657 3746 Ar-
703 3712 760 3746 ram
778 3694 920 3762 impollutis
930 3696 1078 3749 Vestalium
1093 3696 1212 3765 corpori-

154 3764 302 3820 cbimedenr
313 3785 390 3820 usum
400 3788 454 3822 esse
466 3787 524 3822 eam
532 3769 559 3821 in
567 3788 624 3822 rem
631 3768 657 3821 vi
702 3771 750 3824 bus
761 3771 917 3837 credidisse,
937 3782 982 3824 aut
994 3771 1209 3826 infecunditatem

154 3846 473 3916 magnetica-Syracosio
485 3847 566 3900 etiam
578 3847 656 3901 metri
703 3860 730 3902 et
741 3851 904 3905 sterilitatem
916 3851 1056 3921 virginitati
1067 3849 1210 3903 adsimilas-

155 3923 306 3977 necesitate
318 3925 429 3977 correxit
441 3925 565 3979 Heinsius
575 3945 657 3994 quum
703 3945 730 3980 se
739 3948 745 3991 ;
754 3926 822 3980 conl.
832 3927 918 3981 Cicer.
931 3928 1008 3998 Legg.
1017 3928 1060 3992 11,
1073 3946 1109 3978 ra.
1120 3927 1209 3979 Etiam

139 4056 142 4062 ,
155 4000 214 4055 libri
223 4018 314 4055 omnes
322 4003 462 4071 Syracusis
469 4001 604 4057 baberent.
613 4003 658 4058 Sic
704 4004 816 4060 Ovidius
826 4006 889 4061 duas
898 4026 984 4060 causas
993 4005 1077 4058 adfert
1085 4023 1092 4056 ε
1100 4004 1126 4056 in
1136 4003 1211 4057 Gre-

157 4086 279 4146 etpoetaa
298 4077 658 4149 gmdmmtin.;1demes
703 4082 742 4135 cia
763 4081 847 4136 viduas
871 4093 998 4151 preerant
1016 4081 1093 4136 sacris
1114 4083 1211 4136 Vestes.
