2692 4672
146 325 205 367 ιιι
406 272 466 365 ἰ.
494 299 675 368 ovrurr
697 299 923 370 rasonrs

140 443 245 514 Antra
263 439 372 527 subit,
391 440 505 543 tophis
522 440 736 542 laqueataque
753 442 883 543 pumice
901 443 977 516 rivo
995 471 1003 518 :
1159 467 1208 521 315

189 554 352 630 Garrulus
368 556 403 629 in
420 557 528 658 primo
546 556 657 631 limine
673 557 764 630 rivus
780 575 857 631 erat.

140 673 295 773 Dumque
313 690 431 773 parant
446 672 559 773 epulas
576 672 787 774 potandaque
802 673 877 747 vina
891 673 1059 763 ministri,

190 787 346 861 Cultibus
363 786 503 861 Alciden
520 788 657 862 instruit
671 787 727 861 illa
745 787 823 861 suis.

139 905 208 978 Dat
224 922 338 978 tenues
355 903 500 991 tunicas,
522 902 652 976 Gaetulo
669 903 792 976 murice
814 902 955 976 tinetas:

187 1022 255 1095 Dat
273 1039 406 1096 teretem
423 1047 560 1107 zonam,
579 1018 762 1119 quamodo
781 1019 889 1093 cincta
903 1018 977 1092 tuit.
1159 1041 1203 1091 διο

139 1140 261 1210 Ventre
277 1136 388 1209 minor
403 1163 485 1208 zona
502 1150 573 1207 est:
591 1134 775 1208 tunicarum
793 1134 900 1208 vinela
914 1134 1062 1220 relaxat,-

188 1254 236 1324 Ut
252 1251 360 1352 possit
377 1267 484 1323 vastas
502 1249 682 1322 exseruisse
699 1277 815 1322 manus
834 1280 850 1322 :¹

139 1370 296 1463 Fregerat
311 1363 455 1440 armillas
470 1394 539 1438 uon
553 1363 609 1437 illa
628 1365 669 1438 ad
687 1365 822 1438 brachia
837 1363 962 1437 iactas:

137 1540 168 1592 tia
179 1536 336 1607 ,ldabatum
343 1536 436 1603 fuscas
444 1536 575 1606 Hespero,
585 1555 648 1589 ean·
695 1538 794 1604 nugine
804 1535 953 1588 texebatur:
966 1551 1024 1602 quse
1033 1531 1132 1586 Serum
1140 1544 1204 1587 terta

139 1614 214 1669 didus
226 1613 442 1666 Lucifero-Pro
453 1613 565 1681 etsasco
576 1613 648 1665 Mit-
696 1613 817 1666 densiora
839 1613 967 1666 Romanae
983 1611 1108 1664 mulieres
1124 1612 1205 1665 soluta

137 1692 229 1746 seherl.
241 1711 255 1744 e
265 1691 375 1758 conjert.
384 1691 547 1755 Burmanni,
557 1692 649 1757 atsur·
696 1692 786 1745 denuo
799 1692 919 1745 texebant
932 1710 938 1743 z
951 1689 1063 1743 alterum
1071 1690 1206 1762 bombyci-

137 1792 168 1824 co
176 1775 305 1832 rascatius,
320 1770 380 1838 quia
392 1769 436 1822 illo
449 1781 566 1839 tempore
575 1788 647 1822 rores
696 1781 846 1836 numerat,
862 1790 877 1822 e
889 1769 1020 1823 vermium
1030 1768 1079 1822 filis
1090 1779 1205 1833 textum

138 1849 244 1904 radunt.
253 1848 392 1918 Virgilius,
403 1847 436 1900 G.
446 1848 475 1914 l,
490 1849 553 1914 288,
568 1848 647 1900 etiam
696 1851 814 1917 Plinius,
835 1848 903 1902 Hist.
922 1849 982 1902 Nat.
1001 1846 1059 1913 Vl,
1084 1865 1134 1909 ²03
1149 1847 1204 1914 xl,

139 1928 171 1981 de
184 1926 318 1991 Lucifero,
331 1937 411 1978 terras
424 1930 516 1979 irrorat
528 1927 606 1978 ans.
698 1930 736 1983 ιθ.
751 1930 783 1983 ln
799 1927 839 1998 his
856 1937 931 1980 erant
949 1936 1033 1979 vestes
1053 1927 1125 1987 Cae,
1145 1945 1205 1995 quas

172 2006 229 2058 315.
248 2005 356 2056 Antrum
368 1999 448 2069 itlud',
464 2013 493 2055 us
507 2022 521 2054 e
537 2022 584 2071 sqq
596 2023 648 2072 ap·
696 2011 830 2076 Tibullus,
840 2009 883 2076 11,
896 2025 946 2075 111,
960 2009 1008 2074 53,
1023 2008 1059 2060 ita
1069 2007 1204 2062 describir:

139 2092 228 2152 paret,
244 2081 303 2134 satis
322 2081 479 2134 instructum
496 2091 553 2133 erat
569 2099 649 2133 men·
697 2111 710 2134 ιι
723 2096 807 2141 vestes
825 2097 934 2152 tenues,
955 2103 1019 2153 quas
1034 2083 1135 2138 femina
1150 2083 1205 2137 Coa

139 2161 187 2226 sis,
201 2161 263 2216 toris
280 2171 328 2214 etc.
336 2189 370 2201 ·-
382 2163 481 2227 Taphos
492 2172 520 2215 et
524 2167 649 2227 pamerras
697 2186 711 2210 ιι
723 2163 828 2229 Texuit,
836 2161 1119 2231 auratasdisposuitque
1129 2161 1205 2227 vies,-

139 2239 293 2308 antrissnpe
305 2237 368 2290 dant
380 2249 471 2307 poetae.
481 2238 549 2292 Vide
560 2238 592 2291 ad
605 2239 648 2292 lll
696 2241 722 2296 id
736 2252 774 2295 est
782 2241 930 2294 subtemine
942 2258 1029 2292 aureo.
1043 2238 1108 2294 Tale
1119 2241 1206 2293 subte-

139 2318 207 2370 Met.
225 2315 458 2388 159.÷Laqaeata
478 2314 571 2384 (vlu
581 2315 648 2369 Met.
696 2338 758 2372 men
767 2318 846 2371 etiam
855 2316 1079 2387 Omphalaevestis
1089 2316 1204 2371 habuisse

139 2395 203 2460 563,
217 2387 360 2459 lacerata)
372 2389 466 2443 melius
483 2409 582 2458 quarn,
601 2392 647 2442 in·
696 2417 710 2449 e
725 2416 799 2450 versu
812 2398 861 2450 310
876 2396 987 2450 videtur.
1004 2424 1037 2435 -
1050 2397 1144 2466 ltaque
1155 2406 1206 2449 sta·

138 2470 201 2523 duta
212 2479 256 2520 aut
266 2466 473 2522 structa.Sumta
481 2467 553 2519 enim
560 2480 648 2522 sunta
696 2475 768 2527 mina
786 2485 889 2528 tantum
907 2483 982 2526 erant
1001 2476 1102 2527 Getala
1116 2480 1206 2528 nareae

138 2552 211 2604 tectis
221 2549 369 2603 beatiorum
386 2548 545 2616 hominum,
559 2568 616 2619 quse
634 2570 648 2603 a
695 2559 792 2619 tracta,
804 2571 862 2622 quae
876 2552 954 2605 verba
966 2551 1046 2604 etiam
1059 2551 1153 2604 Horat.
1161 2552 1203 2617 ll,

137 2626 212 2680 variis
231 2626 393 2679 ornamentis
410 2626 461 2681 suis
476 2629 610 2680 lacunaria
622 2639 649 2680 et
698 2631 746 2701 Ep.
755 2647 793 2695 11,
813 2633 875 2698 187,
892 2630 1065 2699 leguntur.-
1078 2632 1204 2695 Gerana,

136 2708 266 2772 laquearia
277 2702 352 2756 dicta.
365 2703 498 2758 Teubner.
518 2705 648 2758 revocavit
697 2727 755 2776 pars
765 2707 861 2760 sirice
872 2706 1004 2758 interioris
1017 2724 1084 2775 sepe
1094 2726 1143 2777 pro
1152 2717 1206 2760 tota

137 2783 312 2850 antiquiorem
325 2781 382 2835 lect.
395 2787 515 2851 laqueata
524 2795 557 2844 at,
568 2803 648 2853 quam
697 2784 784 2838 Africa
797 2784 921 2853 punitum
936 2783 1048 2850 Plinius,
1067 2786 1154 2850 Vlll,
1169 2783 1204 2838 18.

138 2860 262 2913 Heinsius
275 2859 523 2915 decemvett.MSS
533 2863 649 2915 auctori-
695 2865 813 2915 -Zoms
831 2878 885 2911 non
900 2860 961 2914 solae
978 2861 1107 2933 virgines,
1120 2861 1167 2919 sed
1178 2872 1205 2916 et

137 2952 188 2996 tate
201 2942 305 3009 expulit.
313 2969 346 2980 —
357 2943 480 2994 Garralas
489 2943 557 2996 bene
566 2941 599 2997 de
611 2944 648 2996 ri·
696 2952 784 3010 nuptae
794 2949 870 2992 erant
882 2940 982 2993 cinctae.
992 2969 1026 2982 -
1039 2942 1146 3004 Wacls,
1167 2940 1205 2997 ls-

137 3040 170 3074 vo
182 3019 362 3076 indesinenter
369 3029 512 3087 strepente.
696 3018 757 3089 quei
769 3015 801 3069 ad
812 3016 941 3071 foramina
955 3057 963 3084 ,
981 3039 1029 3089 per
1040 3035 1098 3088 que
1111 3036 1205 3074 manns

170 3102 226 3155 318.
235 3102 352 3160 Instruit,
367 3097 438 3167 quod
447 3097 648 3153 Heinsiuseve-
695 3097 889 3151 emerebantur.
907 3098 986 3152 Unus
1005 3098 1057 3153 MS
1074 3102 1200 3171 claustris,

137 3178 288 3234 iustioribus
302 3176 420 3246 plurimis
441 3175 572 3243 exhibuit,
592 3177 648 3230 ele·
696 3174 767 3245 quod
778 3194 832 3228 non
847 3175 954 3231 damnat
963 3178 1133 3231 Burmannus
1144 3176 1204 3247 quis

71 3315 73 3319 ,
139 3255 647 3325 gantimquamalterum,eadae't.Etiam
694 3275 747 3324 seq.
761 3261 862 3321 vincla,
875 3257 921 3310 sed
937 3256 996 3310 vide
1012 3257 1043 3310 ad
1058 3258 1087 3323 l,
1102 3259 1157 3324 ets.
1169 3256 1204 3312 Et

138 3338 205 3407 apud
220 3337 275 3391 Cirn
285 3344 406 3391 instruere
420 3347 446 3390 et
461 3342 597 3391 abstractas
613 3336 646 3389 de
695 3338 806 3388 claustra
818 3355 850 3389 eo
861 3355 938 3390 sensu
949 3337 1016 3390 sorte
1029 3335 1206 3405 paulodurius

139 3424 233 3467 ornatu
241 3416 367 3467 orationis
373 3413 646 3484 legunturcaeterum
696 3410 794 3465 dictum
805 3413 881 3468 soret.
895 3415 951 3468 Nec
962 3414 1031 3476 seio,
1046 3431 1080 3463 an
1093 3418 1204 3467 clausae

139 3491 283 3545 Tertulian.
296 3489 328 3543 de
341 3492 432 3560 pallio,
441 3512 466 3561 p.
479 3491 527 3544 asli
537 3531 544 3557 ,
554 3489 586 3544 de
599 3491 647 3545 hac
696 3509 768 3558 teque
780 3492 864 3560 bene,
877 3513 906 3546 ae
917 3494 1014 3549 vincla,
1033 3492 1150 3543 relaxari
1158 3489 1205 3544 ‹li-

138 3571 583 3640 eutiuspermutatione:«Tanrum
594 3570 648 3642 Ly·
694 3569 1203 3636 cuntur-VasraspromagaasePom·

140 3673 153 3698 »
165 3649 215 3703 dise
226 3649 387 3701 clancularia
399 3646 484 3713 licuit,
498 3659 528 3700 ut
540 3648 648 3702 Hercu·
695 3649 767 3716 ponii
780 3650 844 3703 Laeti
856 3647 943 3711 libro,
962 3655 989 3696 et
1006 3643 1110 3700 duobus
1124 3648 1206 3701 Farn-

140 3749 153 3774 »ι
166 3726 202 3780 les
215 3725 244 3777 in
257 3722 405 3793 Omphale,
422 3735 449 3777 et
467 3722 598 3794 Omphale
617 3725 645 3777 in
695 3727 739 3794 qui
750 3728 787 3780 sic
797 3745 845 3795 pro
858 3725 957 3777 diversa
971 3722 1205 3779 tecadedirfletu·

140 3827 154 3853 »
168 3802 284 3857 Hercule
298 3801 505 3872 prostitueretur.
519 3823 532 3848 »
694 3805 760 3870 sius,
774 3814 800 3855 et
808 3803 876 3855 bene
885 3803 1008 3854 convenit
1016 3803 1079 3855 moli
1087 3803 1205 3873 corporis

171 3883 227 3955 315,
245 3882 363 3935 Tenar‘am
375 3879 486 3932 vestium
498 3879 591 3949 duplex
600 3899 646 3950 ge-
695 3879 1164 3945 llereulei.·-lnsrnitirusexseruisse,
1173 3893 1204 3937 ut

140 3979 189 4013 nus
208 3957 277 4028 apud
299 3967 361 4011 vett
379 3975 493 4026 quorum
508 3976 593 4011 unum
614 3977 646 4011 ex
695 3956 761 4027 apud
769 3956 836 4009 Hor.
844 3956 875 4009 A.
884 3957 912 4010 P.
921 3959 1202 4025 328,paterasde'xa’sse.

141 4035 264 4091 arborum
273 4033 645 4112 quarumdemapudSeresla-
694 4034 886 4089 -Adtractta
889 4034 1075 4106 sactas,aptas
1083 4034 1202 4091 brachiis.
