2692 4672
120 348 187 414 326
390 346 430 412 P.
461 345 638 413 OVIDII
665 344 895 414 NASONIS

120 488 269 560 Duxerat
286 485 438 560 Oceanus
455 482 624 585 quondam
638 484 793 558 Titanida
808 485 960 586 Tethyn,

168 602 238 699 Qui
256 619 373 674 terram
391 600 547 702 liquidis,
567 629 631 700 qua
646 617 757 702 pacet,
774 600 880 675 ambit
895 602 1002 704 aquis.

119 722 207 795 Hinc
223 740 290 796 sata
308 721 439 796 Pleione
456 750 530 795 curn
545 719 685 795 caelil'ero
703 718 838 796 Atlante

167 839 346 934 Jungirur,
364 858 403 913 ut
419 840 504 913 lama
521 856 591 926 est3
608 836 826 938 Pleiadasque
841 837 939 938 parit

121 951 271 1046 Quarum
290 954 379 1026 Maia
396 980 473 1027 suas
487 952 594 1025 forma
609 979 781 1053 superasse
797 976 927 1023 sorores
1149 963 1180 1019 so

168 1069 343 1155 Traditur,
364 1086 394 1142 el
412 1096 541 1141 summo
559 1066 779 1141 concubuisse
795 1066 883 1139 Jovi.

121 1184 200 1258 Haec
219 1184 313 1257 enixa
327 1184 406 1282 jugo
425 1182 647 1284 cupressifero
664 1181 835 1284 Cyllenes,

170 1299 357 1372 AElherium
373 1298 499 1372 volucri
519 1299 575 1400 qui
591 1298 676 1399 pede
694 1298 799 1399 carpit
814 1299 887 1371 iter.

120 1413 265 1488 Arcades
283 1415 392 1503 hunc,
411 1415 592 1517 Ladonque
608 1443 708 1516 rapax
725 1431 758 1487 et
775 1411 935 1487 Monalos
951 1411 1072 1508 ingens

169 1529 246 1603 Riu
265 1529 400 1618 colunt,
419 1530 497 1605 luna
515 1531 637 1606 credin
656 1548 739 1604 terra
756 1528 859 1632 prior.
1153 1563 1185 1615 9⁰

120 1644 226 1717 Exsul
244 1645 287 1717 ab
309 1646 448 1720 arcadiis
464 1647 563 1721 latios
581 1646 732 1720 Evander
750 1645 786 1718 in
800 1673 899 1740 agros

70 1832 73 1837 4
170 1762 333 1845 Veneram
353 1760 529 1862 impositos
544 1761 774 1862 adtuleratque
792 1758 883 1834 deos.

121 1873 209 1975 Hic,
228 1871 285 1947 ubi
302 1903 389 1948 nunc
408 1877 517 1949 Roma
534 1893 583 1948 est
599 1877 689 1949 orbis
706 1894 826 1977 caput,
844 1873 945 1949 arbor
961 1889 995 1947 et
1007 1871 1141 1958 herbae,

161 1984 218 2067 'Et
236 2017 347 2089 paucae
364 1991 525 2093 pecudes,
544 2008 579 2066 et
595 2019 667 2065 casa
683 2020 754 2065 rara
767 1991 842 2065 suit.

155 2157 194 2208 82.
215 2138 269 2223 Qui
281 2167 371 2209 terram
389 2168 438 2211 etc.
456 2158 469 2210 l
484 2158 550 2211 Mes.
568 2158 630 2222 187:
679 2156 813 2218 buunsur;
831 2154 875 2219 ll,
889 2156 953 2223 ²7⁵³
971 2152 1112 2208 lMesans.
1126 2171 1188 2219 sm

123 2255 137 2280 α
150 2252 201 2302 qua
224 2240 310 2289 tolum
334 2235 436 2288 Nereus
457 2235 632 2289 circumsonat
679 2231 724 2284 sed
737 2251 786 2285 nec
801 2237 916 2299 cupressi
926 2231 954 2283 in
969 2229 1085 2284 Arcadia
1101 2227 1188 2282 iusse-

125 2311 276 2365 sorbens.»
294 2311 347 2363 Sed
366 2312 491 2366 Heinsius
506 2312 556 2365 hoc.
575 2311 632 2364 loco
680 2319 806 2378 queules;
820 2308 977 2374 Pausanias,
989 2328 1014 2378 p.
1027 2305 1187 2375 nemiuem,

126 2391 185 2454 θνα
198 2388 277 2441 malit.
288 2388 359 2443 Saue
375 2391 468 2460 Tethys
478 2409 551 2458 esque
564 2389 631 2442 bene
680 2406 737 2456 pag.
752 2386 1048 2458 519e1ffl3,decslsn
1062 2382 1188 2438 Mercurii

122 2486 171 2536 pro
184 2466 251 2519 mari
267 2467 390 2536 ponitur,
412 2477 441 2519 ul
458 2470 628 2534 Amphilrrle,
681 2464 749 2535 apud
763 2465 876 2518 Arcadas
886 2466 945 2535 agit.
957 2492 991 2504 -
1003 2465 1096 2517 ladon
1111 2481 1191 2530 rapas

123 2544 241 2613 Neptuni
252 2564 318 2598 usur
329 2543 343 2599 l
354 2545 420 2599 Met.
432 2547 631 2611 cde-Oceanus,
681 2544 761 2596 etiam
778 2544 821 2608 ll,
840 2545 902 2610 ²74³
919 2543 1010 2594 ladon
1026 2551 1054 2595 et
1068 2542 1193 2594 nauales

127 2619 190 2674 Caeli
204 2632 230 2674 et
239 2622 331 2676 Terras
343 2620 429 2690 lilius,
441 2642 509 2676 uuus
519 2642 550 2675 ex
558 2622 635 2675 Tiu-
682 2642 743 2675 euru
753 2624 860 2688 colunt,
874 2622 935 2692 quia
943 2621 976 2675 ad
986 2620 1099 2674 illunsel
1107 2621 1135 2674 iu
1143 2619 1191 2673 lsoe

126 2700 215 2764 nibus,
233 2702 328 2771 Terdyrs
340 2701 573 2767 sororenshsbuil,
591 2701 635 2753 la·
682 2698 1193 2770 templahabebat.-Dedreadibusls·

125 2788 216 2846 pesum
235 2779 352 2832 fratrem.
372 2782 454 2851 lapeti
472 2781 539 2833 silius
557 2781 635 2832 Atlas
683 2783 848 2847 naeprr'orr'bus
855 2777 887 2831 ad
898 2780 926 2843 l,
940 2778 987 2851 469
994 2776 1190 2830 dicrum-Pro

126 2855 271 2911 Pleionem.
296 2855 396 2909 Oceani
419 2857 521 2921 filiam,
544 2856 633 2923 duxit,
683 2859 779 2908 credita
797 2866 848 2908 tres
865 2858 988 2914 condita,
1011 2871 1069 2907 non
1085 2854 1190 2923 impro-

126 2931 221 3000 quaein
232 2929 358 3002 Cyllene,
371 2930 492 2983 ornuiurn
503 2933 634 2985 montium
683 2932 762 2985 haute
774 2934 938 2987 Burmauuo.
957 2931 1048 2985 lnrrno
1063 2930 1126 2985 illud
1140 2949 1189 2984 se-

129 3006 246 3064 Arcadise
265 3005 407 3072 altissimo,
425 3009 547 3060 Pleiadas
560 3008 635 3062 enisa
683 3029 745 3062 rum
758 3021 864 3079 propter
878 3010 994 3079 priorem
1007 3008 1084 3063 illurn
1097 3009 1189 3064 locun.

128 3099 182 3151 est;
203 3084 394 3158 Apollodorus,
412 3086 437 3152 l,
451 3100 479 3151 1,
495 3085 528 3148 3;
546 3101 585 3151 11,
601 3086 635 3149 33
683 3115 718 3131 -
730 3087 806 3156 Regii
817 3098 870 3139 tres
882 3093 986 3141 credda.

128 3167 187 3231 lll,
204 3183 237 3232 x,
255 3165 398 3218 rmillas
410 3176 456 3224 aare
469 3169 540 3232 ὤμοις
549 3167 587 3218 τὶν
597 3168 635 3219 εὖ·
712 3164 886 3238 'quldercurii
895 3168 980 3221 cultus
988 3176 1092 3220 mature
1102 3165 1185 3218 iolla·

128 3250 192 3322 μινόυ
204 3251 266 3314 izers
277 3245 428 3308 dicebalur3
442 3242 504 3298 hine
515 3242 608 3314 passim
621 3262 636 3296 a
684 3242 745 3296 liam
753 3241 904 3309 translatus3
917 3245 1006 3314 itaque
1014 3246 1185 3299 mensium·

129 3325 212 3392 poetis
224 3324 308 3378 latinis
319 3323 414 3390 calyce
424 3332 548 3388 vocalur,
565 3319 636 3390 quod
685 3332 724 3374 tre
735 3319 791 3387 ejus
803 3319 852 3372 dici
868 3322 960 3390 poluit.
974 3350 1010 3364 -
1021 3322 1062 3377 De
1075 3321 1185 3375 adversm

132 3402 257 3456 Heinsius
269 3403 391 3472 exemplis
402 3402 487 3457 doceo
503 3403 561 3455 lloc
573 3419 636 3472 ergo
684 3402 831 3454 Evandrr'et
843 3401 962 3455 vaticinio
972 3402 1121 3456 Carmente
1130 3418 1187 3453 ma-

129 3489 157 3532 et
167 3497 238 3532 nunc
250 3479 443 3549 preferendum
455 3480 565 3533 aliorum
574 3482 637 3531 slel-
684 3478 730 3531 tris
745 3477 772 3543 l,
784 3480 833 3550 499
843 3481 1081 3547 sqq-Arcadiis,
1094 3478 1187 3533 scilieet

129 3555 450 3623 lisera-Depler‘adr'bus
463 3556 513 3622 lV,
528 3557 635 3627 rssqsqq.
683 3555 751 3624 agris
767 3557 857 3608 maluit
872 3556 998 3611 Heinsius
1013 3576 1093 3628 quam
1107 3561 1187 3611 Arce·

131 3660 164 3674 ···
175 3633 228 3686 Pro
240 3636 403 3685 concubuisse
415 3631 535 3686 Francos.
546 3651 636 3685 succu—
684 3634 741 3692 dia,
756 3631 825 3700 quod
841 3643 901 3685 ante
915 3650 979 3686 eum
991 3635 1186 3705 vulgabatur.-

131 3711 227 3770 bus'sse,
241 3725 293 3776 quo
302 3707 470 3762 Burmannus
480 3716 554 3777 pulsl
565 3707 637 3760 inlic-
683 3710 836 3776 Impositos,
851 3709 947 3762 scilicet
963 3714 1024 3766 navi
1035 3732 1108 3776 sum
1125 3728 1185 3782 quos

131 3803 187 3840 mas
199 3785 255 3854 ejus
266 3784 333 3838 vires
347 3784 469 3838 adversus
479 3787 574 3838 Jovern
589 3784 636 3837 in-
684 3786 747 3840 deos
756 3787 830 3841 Latio
836 3791 967 3851 adlulerr't,
979 3789 1124 3862 Dionysius
1135 3790 1187 3843 Ha·

132 3863 218 3919 dicari.
228 3893 263 3904 -
277 3863 349 3916 Maia
366 3880 399 3915 eo
414 3864 471 3933 ipso
487 3863 515 3914 in
528 3872 635 3928 monle,
685 3866 774 3919 licarn.
788 3868 819 3931 l,
838 3866 868 3918 32
885 3886 947 3936 sqq,
964 3880 1062 3923 nanas.
1073 3897 1108 3911 -
1119 3871 1183 3928 llas.

132 3945 222 4014 inquo
233 3954 318 3998 masec
328 3941 459 4008 Pleiadas,
473 3940 637 3998 Mercurium
685 3949 730 3995 ubi
739 3955 787 3996 etc.
799 3944 858 3997 Hoc
868 3943 981 4000 Ovidius
991 3948 1085 4017 sepius
1096 3946 1187 4019 repetit

133 4022 250 4093 peperit,
263 4022 308 4092 qui
319 4019 380 4075 inde
394 4022 523 4091 Cyllenius
536 4018 636 4072 dicitur.
685 4020 830 4073 esinculcas
839 4041 846 4081 ;
856 4021 946 4076 couler
956 4025 984 4088 l,
998 4025 1186 4090 515;11,2803

133 4098 284 4154 —Arcadiss
293 4098 426 4153 montibus
435 4095 637 4164 aliaspr'ssetaetri
650 4119 652 4124 ·
685 4094 743 4162 111,
762 4116 800 4164 7¹·
812 4123 845 4137 -·
856 4100 946 4165 Ram
962 4098 1070 4152 Juniau.
1084 4113 1185 4166 pens,
