2700 5100
156 785 220 854 186
421 786 462 852 P.
492 783 675 851 OVIDII
705 779 932 854 NASONIS

154 923 264 999 Corda
278 924 401 998 micant
416 922 526 1020 regis:
544 940 682 1023 totoque
700 954 718 997 e
735 943 871 1026 pectore
887 927 1022 1021 sangnis
1089 936 1092 946 '

125 1056 129 1061 '
203 1039 320 1135 Fugit,
338 1057 371 1114 et
386 1039 523 1113 hirsutae
538 1036 705 1134 diriguere
722 1066 832 1114 comte.

152 1157 199 1227 Ut
216 1154 314 1227 rediit
330 1154 481 1241 animus,
499 1154 552 1227 Da
569 1171 657 1230 certa
673 1153 837 1256 piamina,
855 1155 958 1242 dixit,

142 1280 144 1284 '
200 1270 382 1361 Fulminis,
400 1269 545 1345 altorum
559 1299 682 1372 rexque
697 1288 856 1372 paterque
872 1271 999 1360 Dedm3

152 1386 188 1458 Si
205 1405 260 1460 tua
278 1389 477 1483 contigimus
493 1388 648 1461 manibus
664 1387 801 1461 donaria
816 1387 910 1488 puris
925 1417 933 1474 ;
1170 1411 1218 1465 3³⁵

200 1504 275 1575 Hoc
292 1532 445 1605 qnoque,
466 1503 557 1604 quod
571 1503 713 1604 petitur,
732 1503 760 1577 si
777 1502 833 1602 pia
849 1499 963 1597 lingna
978 1519 1086 1598 rogat.

152 1618 281 1691 Annuit
296 1620 402 1693 oranti
421 1649 429 1692 :
447 1620 505 1693 sed
522 1646 636 1694 verum
651 1618 788 1713 ambage
807 1635 934 1692 remota

200 1734 361 1824 Abdidit,
381 1752 415 1808 et
429 1735 535 1809 dubio
554 1736 672 1809 terruit
690 1764 752 1808 ore
767 1734 884 1808 virum.

153 1849 248 1922 Caede
266 1868 382 1951 caput,
398 1851 504 1925 dixit:
520 1853 574 1926 cui
591 1881 664 1941 rer,
683 1851 897 1938 Parebimus,
916 1851 1047 1952 iuquit:

202 1966 364 2038 Caedenda
381 1985 430 2040 est
444 1968 552 2043 hortis
570 1987 663 2042 eruta
679 1996 758 2069 cepa
773 1968 865 2041 meis.
1173 1991 1222 2060 tto

153 2082 292 2156 Addidit
307 2084 379 2170 hic,
398 2086 554 2158 Hominis
572 2117 580 2159 :
599 2087 770 2171 Summos,
785 2085 833 2158 nit
848 2083 923 2171 ille,
942 2084 1091 2186 capillos.

203 2197 356 2271 Postulat
372 2198 426 2273 bic
443 2202 607 2274 animam:
627 2201 680 2275 eni
698 2203 825 2284 Numa,
843 2200 968 2287 Piscis,
987 2200 1043 2273 ait.

153 2311 261 2399 Risit;
277 2333 310 2389 et
325 2312 406 2404 His,
426 2317 554 2419 inquit,
573 2319 691 2406 latito,
710 2346 781 2391 meo
798 2313 862 2390 tela
875 2344 1055 2416 procures,

204 2431 237 2503 Ο
255 2431 305 2504 vir
320 2432 489 2535 colloquio
506 2464 576 2508 nou
593 2433 757 2530 abigende
774 2462 859 2506 meo.

155 2543 219 2616 Sed
239 2546 321 2636 tibi,
338 2549 517 2650 protulerit
534 2581 636 2653 quum
655 2568 763 2624 totum
778 2549 940 2622 crastinus
957 2549 1072 2622 orbem
1171 2570 1218 2638 att

204 2665 386 2765 Cynthius,
404 2668 533 2768 imperii
549 2669 692 2769 pignora
709 2683 796 2739 certa
810 2665 908 2738 dabo.

155 2781 271 2872 Dixit,
291 2800 324 2856 et
339 2783 468 2878 ingenti
486 2785 612 2860 tonitru
631 2811 731 2884 super
745 2781 865 2856 aetbera
879 2799 1005 2854 motum

153 2981 229 3033 colui.
242 2982 277 3036 Et
288 2981 388 3036 cultum
401 3002 472 3037 nunc
483 3003 530 3052 per
541 2986 661 3042 donarer,
713 2979 786 3033 MSS
799 2977 923 3047 Naugerii
942 2988 968 3030 et
985 2986 1220 3046 quatuoosnorum

154 3059 278 3127 pietatem
289 3081 337 3130 per
342 3081 423 3130 pum
434 3082 524 3115 manus
535 3061 664 3131 exprimit.
712 3059 866 3112 auctoritate
882 3067 952 3109 recte
966 3057 993 3109 iu
1005 3076 1118 3111 summos
1131 3067 1222 3110 mute·

155 3141 237 3190 -lta
243 3145 374 3206 permina,
384 3140 464 3195 edoce
478 3141 599 3211 piamina.
713 3137 759 3188 vit.
768 3135 888 3190 Secunda
900 3135 972 3187 enim
982 3153 1095 3202 persona
1103 3122 1261 3271 suneae

188 3219 245 3285 337.
261 3221 389 3286 Ambages
400 3218 434 3274 de
444 3220 606 3289 ambiguiset
617 3219 666 3270 ob·
714 3214 764 3267 boe
775 3213 904 3280 colloquio
917 3231 1009 3281 parum
1023 3213 1159 3280 plaeet—
1190 3272 1194 3277 .
1236 3250 1261 3261 -

154 3292 235 3344 scuris
246 3294 412 3346 oraculorum
424 3294 509 3348 verbio
525 3295 574 3347 dici
588 3334 594 3358 ,
610 3314 666 3346 no-
713 3296 837 3360 colloquio
848 3311 901 3344 mco
912 3309 967 3343 non
978 3291 1028 3343 nisi
1041 3289 1168 3343 Arondel.
1176 3306 1261 3360 pm·-

156 3381 212 3422 tum
224 3381 276 3432 est;
287 3373 338 3436 lV,
350 3372 400 3424 668
410 3393 416 3433 ;
426 3373 481 3426 Vll
489 3373 600 3426 Metam.
611 3374 665 3441 761.
714 3370 815 3423 diversa
829 3369 888 3423 lect.
906 3379 964 3423 tum
982 3368 1039 3420 duo
1058 3367 1101 3421 alii
1119 3367 1224 3422 Mul.

156 3447 194 3501 At
206 3449 250 3517 qui
259 3467 352 3500 verum
361 3447 447 3513 abdit,
457 3447 588 3517 dubioque
600 3450 666 3502 alte-
712 3451 805 3516 Inque
816 3446 904 3501 forsan
915 3465 930 3499 e
939 3447 1041 3500 ceteris
1051 3448 1136 3499 Dera
1145 3462 1240 3499 rever

154 3548 216 3582 rum
225 3539 306 3581 terret
314 3547 376 3593 ore,
390 3525 410 3580 is
422 3527 664 3598 ambagesillasnon
713 3525 835 3583 eandum.

156 3607 666 3662 removetobscuritnsnunceratabre·
746 3606 1024 3672 345.P1'gnora1'mper1'i,
1037 3599 1261 3656 muuernDeo-

157 3687 253 3754 vitate,
271 3708 322 3757 qua
335 3689 441 3758 Jupiter
453 3688 549 3741 Numer
559 3689 664 3755 sapien·
714 3701 773 3735 rum
785 3680 887 3747 satalia,
900 3699 1014 3750 quorum
1025 3678 1257 3733 conservatione

157 3764 220 3816 tiam
236 3770 350 3821 tentabat
362 3791 368 3830 ;
384 3768 471 3835 itaque
486 3771 605 3835 ambages
616 3765 666 3818 cir·
714 3762 871 3831 perpetuitas
883 3771 909 3814 et
920 3762 987 3813 salus
998 3756 1099 3828 imperii
1111 3755 1261 3809 niteba‘

156 3843 300 3895 tuitionem
317 3844 566 3913 interpretabimur,
579 3841 666 3896 rollo·
715 3851 765 3892 tur.
775 3839 836 3891 vid.
848 3839 956 3892 Boeeler.
968 3838 1000 3890 de
1013 3832 1167 3907 pignoribus
1174 3834 1254 3887 iar-⁹

158 3921 252 3991 quium
261 3933 349 3974 autem
357 3923 419 3975 illud
428 3963 435 3988 ,
445 3932 550 3976 auctore
564 3922 667 3974 Plutar·
714 3920 787 3989 perii.
801 3919 840 3972 En
852 3928 927 3971 erant
937 3916 1082 3971 Palladium
1095 3923 1139 3979 et,
1152 3906 1248 3983 quot!

158 3998 666 4064 eho,sicsereinformabimumutmi·
715 4017 787 4051 nune
802 3998 979 4067 promittitur,
996 4005 1101 4049 scutum
1116 3992 1246 4047 catate·

158 4075 666 4146 naprocuracapitibus.N.ceparumue?
715 4076 786 4129 Male
800 4077 879 4130 Rutil.
892 4076 951 4129 ltin.
961 4076 988 4128 ll
999 4113 1006 4139 ,
1019 4077 1070 4139 55,
1084 4072 1166 4127 libror
1178 4071 1236 4126 Si‘

159 4154 666 4210 .l.bominis.N.crinibusne?J.anima·
714 4151 1233 4227 byttiuosaddievidwemsdortltre·

159 4232 371 4289 tistenistt.
377 4231 473 4297 ridens,
482 4232 531 4285 His
537 4230 666 4285 lacitoetc.
718 4235 786 4287 Vlll
796 4230 951 4296 ertu-Dii,
962 4229 1069 4299 quando
1078 4250 1092 4283 e
1100 4245 1229 4298 eonspec·

160 4317 249 4384 Atque
269 4313 351 4367 tribus
369 4311 417 4364 illis
438 4313 516 4364 rebus
535 4310 667 4364 Plutarchi
715 4323 745 4366 tu
756 4312 894 4365 bominum
902 4309 1056 4377 avolabant,
1069 4311 1144 4379 signa
1154 4324 1224 4378 que·

160 4395 245 4448 adbuc
261 4403 335 4447 etate
353 4390 467 4445 Romani
486 4390 667 4459 procurabant.
716 4392 777 4443 dam
788 4390 883 4444 dabant
894 4388 1037 4444 divinitatis
1050 4408 1120 4452 tum
1135 4389 1221 4460 Heyn.

162 4496 195 4509 ·-
208 4471 250 4524 De
260 4491 353 4529 mene,
369 4486 465 4540 genere
478 4472 599 4535 piscium,
615 4466 667 4520 vid.
716 4470 822 4522 Excurs.
832 4468 937 4522 xlllad
947 4466 1220 4534 AEn.l.Jupiterunuc

162 4545 566 4618 udll,578.-Vulgetamsumes
574 4545 667 4600 Heius.
715 4566 777 4600 cum
787 4550 880 4602 tonitru
893 4549 1017 4603 aufertur.
1027 4572 1060 4586 ··
1078 4545 1121 4599 Eo
1134 4546 1222 4599 meri
