<?xml version="1.0" encoding="UTF-8"?>
<!DOCTYPE html PUBLIC "-//W3C//DTD XHTML 1.0 Transitional//EN"
    "http://www.w3.org/TR/xhtml1/DTD/xhtml1-transitional.dtd">
<html xmlns="http://www.w3.org/1999/xhtml" xml:lang="en" lang="en">
 <head>
  <title>
</title>
<meta http-equiv="Content-Type" content="text/html;charset=utf-8" />
  <meta name='ocr-system' content='tesseract 3.04.00' />
  <meta name='ocr-capabilities' content='ocr_page ocr_carea ocr_par ocr_line ocrx_word'/>
</head>
<body>
  <div class='ocr_page' id='page_1' title='image "./publiiovidiinas08massgoog/publiiovidiinas08massgoog_0487.png"; bbox 0 0 2692 4672; ppageno 0'>
   <div class='ocr_carea' id='block_1_1' title="bbox 149 304 825 388">
    <p class='ocr_par' dir='ltr' id='par_1_1' title="bbox 149 304 825 388">
     <span class='ocr_line' id='line_1_1' title="bbox 149 304 825 388; baseline 0.006 -16"><span class='ocrx_word' id='word_1_1' title='bbox 149 304 214 388; x_wconf 69' lang='lat'>482</span> <span class='ocrx_word' id='word_1_2' title='bbox 537 304 825 376; x_wconf 83' lang='lat' dir='ltr'>EXCURSUS</span> 
     </span>
    </p>
   </div>
   <div class='ocr_carea' id='block_1_2' title="bbox 140 445 1208 2295">
    <p class='ocr_par' dir='ltr' id='par_1_2' title="bbox 140 445 1208 2295">
     <span class='ocr_line' id='line_1_2' title="bbox 147 445 1204 550; baseline 0.001 -29"><span class='ocrx_word' id='word_1_3' title='bbox 147 447 424 521; x_wconf 76' lang='lat' dir='ltr'>constructionem</span> <span class='ocrx_word' id='word_1_4' title='bbox 441 447 588 523; x_wconf 90' lang='lat' dir='ltr'>inusnm</span> <span class='ocrx_word' id='word_1_5' title='bbox 603 475 720 523; x_wconf 85' lang='lat' dir='ltr'>vocare</span> <span class='ocrx_word' id='word_1_6' title='bbox 735 447 869 536; x_wconf 80' lang='lat' dir='ltr'>debuit,</span> <span class='ocrx_word' id='word_1_7' title='bbox 897 445 1064 550; x_wconf 80' lang='lat' dir='ltr'>siquidem</span> <span class='ocrx_word' id='word_1_8' title='bbox 1076 446 1121 521; x_wconf 88' lang='lat' dir='ltr'>ad</span> <span class='ocrx_word' id='word_1_9' title='bbox 1136 476 1204 522; x_wconf 91' lang='lat' dir='ltr'>eum</span> 
     </span>
     <span class='ocr_line' id='line_1_3' title="bbox 146 563 1206 667; baseline -0.003 -28"><span class='ocrx_word' id='word_1_10' title='bbox 146 567 290 667; x_wconf 89' lang='lat' dir='ltr'>primum</span> <span class='ocrx_word' id='word_1_11' title='bbox 304 591 342 638; x_wconf 90' lang='lat' dir='ltr'>ea</span> <span class='ocrx_word' id='word_1_12' title='bbox 352 563 494 639; x_wconf 78' lang='lat' dir='ltr'>refertur</span> <span class='ocrx_word' id='word_1_13' title='bbox 506 564 599 656; x_wconf 87' lang='lat' dir='ltr'>laus,</span> <span class='ocrx_word' id='word_1_14' title='bbox 617 564 845 661; x_wconf 76' lang='lat' dir='ltr'>Vergiliarum·</span> <span class='ocrx_word' id='word_1_15' title='bbox 853 581 1006 640; x_wconf 89' lang='lat' dir='ltr'>exortum</span> <span class='ocrx_word' id='word_1_16' title='bbox 1023 593 1095 638; x_wconf 91' lang='lat' dir='ltr'>uon</span> <span class='ocrx_word' id='word_1_17' title='bbox 1111 591 1206 666; x_wconf 81' lang='lat' dir='ltr'>appa-</span> 
     </span>
     <span class='ocr_line' id='line_1_4' title="bbox 144 681 1207 783; baseline -0.002 -25"><span class='ocrx_word' id='word_1_18' title='bbox 144 700 270 758; x_wconf 88' lang='lat' dir='ltr'>rentem</span> <span class='ocrx_word' id='word_1_19' title='bbox 281 698 409 755; x_wconf 86' lang='lat' dir='ltr'>tantum</span> <span class='ocrx_word' id='word_1_20' title='bbox 425 699 459 757; x_wconf 91' lang='lat' dir='ltr'>et</span> <span class='ocrx_word' id='word_1_21' title='bbox 472 681 655 771; x_wconf 91' lang='lat' dir='ltr'>beliacum,</span> <span class='ocrx_word' id='word_1_22' title='bbox 672 683 731 759; x_wconf 91' lang='lat' dir='ltr'>sed</span> <span class='ocrx_word' id='word_1_23' title='bbox 743 684 923 759; x_wconf 89' lang='lat' dir='ltr'>cosmicum</span> <span class='ocrx_word' id='word_1_24' title='bbox 936 700 971 757; x_wconf 87' lang='lat' dir='ltr'>et</span> <span class='ocrx_word' id='word_1_25' title='bbox 981 711 1100 757; x_wconf 86' lang='lat' dir='ltr'>verum</span> <span class='ocrx_word' id='word_1_26' title='bbox 1112 709 1207 783; x_wconf 78' lang='lat' dir='ltr'>expo</span> 
     </span>
     <span class='ocr_line' id='line_1_5' title="bbox 146 795 1206 898; baseline -0.002 -27"><span class='ocrx_word' id='word_1_27' title='bbox 146 795 272 883; x_wconf 82' lang='lat' dir='ltr'>ruisse,</span> <span class='ocrx_word' id='word_1_28' title='bbox 291 812 324 870; x_wconf 91' lang='lat' dir='ltr'>et</span> <span class='ocrx_word' id='word_1_29' title='bbox 336 812 414 898; x_wconf 90' lang='lat' dir='ltr'>post</span> <span class='ocrx_word' id='word_1_30' title='bbox 423 797 492 896; x_wconf 86' lang='lat' dir='ltr'>ejus</span> <span class='ocrx_word' id='word_1_31' title='bbox 506 813 671 898; x_wconf 86' lang='lat' dir='ltr'>tempora,</span> <span class='ocrx_word' id='word_1_32' title='bbox 690 796 923 872; x_wconf 87' lang='lat' dir='ltr'>accedentibus</span> <span class='ocrx_word' id='word_1_33' title='bbox 931 795 1005 870; x_wconf 92' lang='lat' dir='ltr'>aliis</span> <span class='ocrx_word' id='word_1_34' title='bbox 1013 796 1206 897; x_wconf 80' lang='lat' dir='ltr'>etiam,que</span> 
     </span>
     <span class='ocr_line' id='line_1_6' title="bbox 145 914 1208 1018; baseline -0.002 -28"><span class='ocrx_word' id='word_1_35' title='bbox 145 943 183 990; x_wconf 79' lang='lat' dir='ltr'>ex</span> <span class='ocrx_word' id='word_1_36' title='bbox 200 914 253 988; x_wconf 84' lang='lat' dir='ltr'>bis</span> <span class='ocrx_word' id='word_1_37' title='bbox 268 914 398 989; x_wconf 89' lang='lat' dir='ltr'>ortibus</span> <span class='ocrx_word' id='word_1_38' title='bbox 408 932 441 989; x_wconf 90' lang='lat' dir='ltr'>et</span> <span class='ocrx_word' id='word_1_39' title='bbox 454 915 625 990; x_wconf 78' lang='lat' dir='ltr'>occasibus</span> <span class='ocrx_word' id='word_1_40' title='bbox 637 916 794 991; x_wconf 91' lang='lat' dir='ltr'>notandis</span> <span class='ocrx_word' id='word_1_41' title='bbox 809 915 1049 1018; x_wconf 87' lang='lat' dir='ltr'>sperabantur,</span> <span class='ocrx_word' id='word_1_42' title='bbox 1067 943 1208 989; x_wconf 85' lang='lat' dir='ltr'>commo</span> 
     </span>
     <span class='ocr_line' id='line_1_7' title="bbox 146 1027 1208 1130; baseline 0.002 -29"><span class='ocrx_word' id='word_1_43' title='bbox 146 1027 213 1116; x_wconf 90' lang='lat' dir='ltr'>dis,</span> <span class='ocrx_word' id='word_1_44' title='bbox 232 1046 323 1103; x_wconf 89' lang='lat' dir='ltr'>certo</span> <span class='ocrx_word' id='word_1_45' title='bbox 337 1047 372 1104; x_wconf 87' lang='lat' dir='ltr'>et</span> <span class='ocrx_word' id='word_1_46' title='bbox 383 1028 557 1104; x_wconf 83' lang='lat' dir='ltr'>artificiose</span> <span class='ocrx_word' id='word_1_47' title='bbox 572 1029 775 1130; x_wconf 87' lang='lat' dir='ltr'>reliquorum</span> <span class='ocrx_word' id='word_1_48' title='bbox 787 1029 887 1104; x_wconf 91' lang='lat' dir='ltr'>etiam</span> <span class='ocrx_word' id='word_1_49' title='bbox 901 1029 1050 1104; x_wconf 89' lang='lat' dir='ltr'>siderum</span> <span class='ocrx_word' id='word_1_50' title='bbox 1066 1047 1208 1130; x_wconf 83' lang='lat' dir='ltr'>tempora</span> 
     </span>
     <span class='ocr_line' id='line_1_8' title="bbox 144 1140 1206 1218; baseline 0.001 -1"><span class='ocrx_word' id='word_1_51' title='bbox 144 1160 259 1217; x_wconf 89' lang='lat' dir='ltr'>notata</span> <span class='ocrx_word' id='word_1_52' title='bbox 275 1171 345 1217; x_wconf 90' lang='lat' dir='ltr'>esse</span> <span class='ocrx_word' id='word_1_53' title='bbox 363 1143 558 1216; x_wconf 81' lang='lat' dir='ltr'>invenimus.</span> <span class='ocrx_word' id='word_1_54' title='bbox 575 1142 888 1217; x_wconf 80' lang='lat' dir='ltr'>Cernebauturbaec</span> <span class='ocrx_word' id='word_1_55' title='bbox 902 1140 1077 1216; x_wconf 81' lang='lat' dir='ltr'>commoda</span> <span class='ocrx_word' id='word_1_56' title='bbox 1091 1142 1206 1218; x_wconf 84' lang='lat' dir='ltr'>inanni</span> 
     </span>
     <span class='ocr_line' id='line_1_9' title="bbox 145 1258 1205 1361; baseline -0.001 -27"><span class='ocrx_word' id='word_1_57' title='bbox 145 1276 377 1360; x_wconf 74' lang='lat' dir='ltr'>tempestatum</span> <span class='ocrx_word' id='word_1_58' title='bbox 389 1258 553 1335; x_wconf 80' lang='lat' dir='ltr'>variarum</span> <span class='ocrx_word' id='word_1_59' title='bbox 569 1287 609 1332; x_wconf 85' lang='lat' dir='ltr'>ex</span> <span class='ocrx_word' id='word_1_60' title='bbox 626 1258 772 1334; x_wconf 86' lang='lat' dir='ltr'>siderum</span> <span class='ocrx_word' id='word_1_61' title='bbox 784 1260 932 1333; x_wconf 86' lang='lat' dir='ltr'>motibus</span> <span class='ocrx_word' id='word_1_62' title='bbox 950 1260 1133 1361; x_wconf 71' lang='lat' dir='ltr'>presagio,</span> <span class='ocrx_word' id='word_1_63' title='bbox 1143 1277 1205 1333; x_wconf 91' lang='lat' dir='ltr'>tom</span> 
     </span>
     <span class='ocr_line' id='line_1_10' title="bbox 144 1376 1206 1472; baseline 0.001 -20"><span class='ocrx_word' id='word_1_64' title='bbox 144 1378 185 1452; x_wconf 90' lang='lat' dir='ltr'>ad</span> <span class='ocrx_word' id='word_1_65' title='bbox 201 1376 449 1472; x_wconf 80' lang='lat' dir='ltr'>agriculturam,</span> <span class='ocrx_word' id='word_1_66' title='bbox 465 1395 535 1452; x_wconf 91' lang='lat' dir='ltr'>tum</span> <span class='ocrx_word' id='word_1_67' title='bbox 550 1377 592 1451; x_wconf 90' lang='lat' dir='ltr'>ad</span> <span class='ocrx_word' id='word_1_68' title='bbox 606 1405 737 1452; x_wconf 91' lang='lat' dir='ltr'>omnem</span> <span class='ocrx_word' id='word_1_69' title='bbox 754 1379 855 1452; x_wconf 85' lang='lat' dir='ltr'>vitam</span> <span class='ocrx_word' id='word_1_70' title='bbox 867 1377 1061 1453; x_wconf 87' lang='lat' dir='ltr'>utilissimo.</span> <span class='ocrx_word' id='word_1_71' title='bbox 1080 1380 1206 1453; x_wconf 80' lang='lat' dir='ltr'>Meteo-</span> 
     </span>
     <span class='ocr_line' id='line_1_11' title="bbox 143 1490 1204 1588; baseline -0.007 -16"><span class='ocrx_word' id='word_1_72' title='bbox 143 1491 250 1588; x_wconf 77' lang='lat' dir='ltr'>rologi</span> <span class='ocrx_word' id='word_1_73' title='bbox 262 1493 366 1578; x_wconf 89' lang='lat' dir='ltr'>enim,</span> <span class='ocrx_word' id='word_1_74' title='bbox 385 1490 621 1567; x_wconf 87' lang='lat' dir='ltr'>sicuthodieid</span> <span class='ocrx_word' id='word_1_75' title='bbox 630 1509 743 1587; x_wconf 77' lang='lat' dir='ltr'>agunt,</span> <span class='ocrx_word' id='word_1_76' title='bbox 754 1509 821 1566; x_wconf 89' lang='lat' dir='ltr'>ute</span> <span class='ocrx_word' id='word_1_77' title='bbox 832 1491 918 1566; x_wconf 78' lang='lat' dir='ltr'>lnnae</span> <span class='ocrx_word' id='word_1_78' title='bbox 928 1491 1071 1567; x_wconf 81' lang='lat' dir='ltr'>diversis</span> <span class='ocrx_word' id='word_1_79' title='bbox 1084 1493 1204 1567; x_wconf 82' lang='lat' dir='ltr'>vicibus</span> 
     </span>
     <span class='ocr_line' id='line_1_12' title="bbox 144 1599 1204 1712; baseline -0.001 -27"><span class='ocrx_word' id='word_1_80' title='bbox 144 1628 374 1712; x_wconf 87' lang='lat' dir='ltr'>tempestatum</span> <span class='ocrx_word' id='word_1_81' title='bbox 390 1611 591 1685; x_wconf 90' lang='lat' dir='ltr'>mutationes</span> <span class='ocrx_word' id='word_1_82' title='bbox 607 1599 822 1711; x_wconf 76' lang='lat' dir='ltr'>prasagiant,</span> <span class='ocrx_word' id='word_1_83' title='bbox 845 1629 923 1683; x_wconf 91' lang='lat' dir='ltr'>tunc</span> <span class='ocrx_word' id='word_1_84' title='bbox 948 1611 1115 1710; x_wconf 86' lang='lat' dir='ltr'>temporis</span> <span class='ocrx_word' id='word_1_85' title='bbox 1139 1639 1204 1684; x_wconf 92' lang='lat' dir='ltr'>om·</span> 
     </span>
     <span class='ocr_line' id='line_1_13' title="bbox 140 1725 1203 1829; baseline -0.003 -25"><span class='ocrx_word' id='word_1_86' title='bbox 140 1728 294 1804; x_wconf 88' lang='lat' dir='ltr'>nesacris</span> <span class='ocrx_word' id='word_1_87' title='bbox 304 1726 502 1801; x_wconf 90' lang='lat' dir='ltr'>mutationes</span> <span class='ocrx_word' id='word_1_88' title='bbox 512 1745 545 1801; x_wconf 88' lang='lat' dir='ltr'>et</span> <span class='ocrx_word' id='word_1_89' title='bbox 556 1728 748 1829; x_wconf 85' lang='lat' dir='ltr'>temperies,</span> <span class='ocrx_word' id='word_1_90' title='bbox 760 1745 892 1815; x_wconf 79' lang='lat' dir='ltr'>ventos,</span> <span class='ocrx_word' id='word_1_91' title='bbox 903 1725 1053 1828; x_wconf 87' lang='lat' dir='ltr'>pluvias,</span> <span class='ocrx_word' id='word_1_92' title='bbox 1063 1746 1127 1803; x_wconf 87' lang='lat' dir='ltr'>etc.</span> <span class='ocrx_word' id='word_1_93' title='bbox 1139 1756 1203 1802; x_wconf 92' lang='lat' dir='ltr'>cnm</span> 
     </span>
     <span class='ocr_line' id='line_1_14' title="bbox 141 1841 1201 1940; baseline -0.004 -21"><span class='ocrx_word' id='word_1_94' title='bbox 141 1845 238 1919; x_wconf 89' lang='lat' dir='ltr'>certis</span> <span class='ocrx_word' id='word_1_95' title='bbox 257 1843 400 1917; x_wconf 88' lang='lat' dir='ltr'>siderum</span> <span class='ocrx_word' id='word_1_96' title='bbox 419 1841 549 1915; x_wconf 91' lang='lat' dir='ltr'>ortibus</span> <span class='ocrx_word' id='word_1_97' title='bbox 566 1859 600 1915; x_wconf 90' lang='lat' dir='ltr'>et</span> <span class='ocrx_word' id='word_1_98' title='bbox 617 1841 788 1916; x_wconf 87' lang='lat' dir='ltr'>occasibus</span> <span class='ocrx_word' id='word_1_99' title='bbox 805 1841 1000 1940; x_wconf 86' lang='lat' dir='ltr'>conjunctas</span> <span class='ocrx_word' id='word_1_100' title='bbox 1018 1869 1092 1916; x_wconf 88' lang='lat' dir='ltr'>csse</span> <span class='ocrx_word' id='word_1_101' title='bbox 1105 1899 1115 1930; x_wconf 96' lang='lat'>,</span> <span class='ocrx_word' id='word_1_102' title='bbox 1128 1859 1161 1916; x_wconf 89' lang='lat' dir='ltr'>et</span> <span class='ocrx_word' id='word_1_103' title='bbox 1172 1870 1201 1915; x_wconf 89' lang='lat' dir='ltr'>re</span> 
     </span>
     <span class='ocr_line' id='line_1_15' title="bbox 143 1949 1202 2059; baseline -0.004 -24"><span class='ocrx_word' id='word_1_104' title='bbox 143 1989 217 2035; x_wconf 81' lang='lat' dir='ltr'>vera</span> <span class='ocrx_word' id='word_1_105' title='bbox 236 1958 277 2033; x_wconf 95' lang='lat' dir='ltr'>ab</span> <span class='ocrx_word' id='word_1_106' title='bbox 296 1959 338 2033; x_wconf 92' lang='lat' dir='ltr'>iis</span> <span class='ocrx_word' id='word_1_107' title='bbox 360 1958 522 2059; x_wconf 89' lang='lat' dir='ltr'>pendere,</span> <span class='ocrx_word' id='word_1_108' title='bbox 540 1957 803 2047; x_wconf 81' lang='lat' dir='ltr'>arbitrabantur3</span> <span class='ocrx_word' id='word_1_109' title='bbox 820 1976 919 2058; x_wconf 92' lang='lat' dir='ltr'>atque</span> <span class='ocrx_word' id='word_1_110' title='bbox 936 1949 1149 2058; x_wconf 87' lang='lat' dir='ltr'>tempestates</span> <span class='ocrx_word' id='word_1_111' title='bbox 1163 1961 1202 2031; x_wconf 89' lang='lat' dir='ltr'>ita</span> 
     </span>
     <span class='ocr_line' id='line_1_16' title="bbox 141 2074 1200 2177; baseline -0.005 -25"><span class='ocrx_word' id='word_1_112' title='bbox 141 2105 231 2177; x_wconf 73' lang='lat' dir='ltr'>eque</span> <span class='ocrx_word' id='word_1_113' title='bbox 241 2104 278 2149; x_wconf 93' lang='lat' dir='ltr'>ac</span> <span class='ocrx_word' id='word_1_114' title='bbox 292 2074 436 2151; x_wconf 86' lang='lat' dir='ltr'>siderum</span> <span class='ocrx_word' id='word_1_115' title='bbox 449 2093 561 2151; x_wconf 89' lang='lat' dir='ltr'>motus</span> <span class='ocrx_word' id='word_1_116' title='bbox 573 2092 663 2150; x_wconf 89' lang='lat' dir='ltr'>certo</span> <span class='ocrx_word' id='word_1_117' title='bbox 674 2103 736 2149; x_wconf 92' lang='lat' dir='ltr'>suo</span> <span class='ocrx_word' id='word_1_118' title='bbox 750 2092 895 2176; x_wconf 89' lang='lat' dir='ltr'>tempore</span> <span class='ocrx_word' id='word_1_119' title='bbox 907 2074 1016 2148; x_wconf 90' lang='lat' dir='ltr'>redire</span> <span class='ocrx_word' id='word_1_120' title='bbox 1028 2093 1062 2148; x_wconf 91' lang='lat' dir='ltr'>et</span> <span class='ocrx_word' id='word_1_121' title='bbox 1076 2075 1200 2177; x_wconf 78' lang='lat' dir='ltr'>praedici</span> 
     </span>
     <span class='ocr_line' id='line_1_17' title="bbox 140 2189 440 2295; baseline -0.007 -29"><span class='ocrx_word' id='word_1_122' title='bbox 140 2219 240 2295; x_wconf 89' lang='lat' dir='ltr'>posse</span> <span class='ocrx_word' id='word_1_123' title='bbox 253 2189 440 2266; x_wconf 86' lang='lat' dir='ltr'>credebant.</span> 
     </span>
    </p>
   </div>
   <div class='ocr_carea' id='block_1_3' title="bbox 136 2317 1208 3804">
    <p class='ocr_par' dir='ltr' id='par_1_3' title="bbox 136 2317 1208 3804">
     <span class='ocr_line' id='line_1_18' title="bbox 189 2317 1201 2420; baseline 0.005 -31"><span class='ocrx_word' id='word_1_124' title='bbox 189 2317 368 2390; x_wconf 79' lang='lat' dir='ltr'>Maximam</span> <span class='ocrx_word' id='word_1_125' title='bbox 382 2317 452 2391; x_wconf 84' lang='lat' dir='ltr'>baec</span> <span class='ocrx_word' id='word_1_126' title='bbox 460 2345 513 2391; x_wconf 88' lang='lat' dir='ltr'>res</span> <span class='ocrx_word' id='word_1_127' title='bbox 524 2317 566 2391; x_wconf 89' lang='lat' dir='ltr'>ad</span> <span class='ocrx_word' id='word_1_128' title='bbox 576 2317 768 2420; x_wconf 87' lang='lat' dir='ltr'>popularem</span> <span class='ocrx_word' id='word_1_129' title='bbox 778 2346 875 2392; x_wconf 87' lang='lat' dir='ltr'>usum</span> <span class='ocrx_word' id='word_1_130' title='bbox 889 2319 955 2392; x_wconf 87' lang='lat' dir='ltr'>vim</span> <span class='ocrx_word' id='word_1_131' title='bbox 968 2319 1104 2393; x_wconf 91' lang='lat' dir='ltr'>habuit.</span> <span class='ocrx_word' id='word_1_132' title='bbox 1116 2317 1201 2394; x_wconf 87' lang='lat' dir='ltr'>Cele-</span> 
     </span>
     <span class='ocr_line' id='line_1_19' title="bbox 139 2430 1202 2532; baseline 0.003 -27"><span class='ocrx_word' id='word_1_133' title='bbox 139 2431 275 2506; x_wconf 88' lang='lat' dir='ltr'>berrimi</span> <span class='ocrx_word' id='word_1_134' title='bbox 286 2431 388 2527; x_wconf 78' lang='lat' dir='ltr'>igitur</span> <span class='ocrx_word' id='word_1_135' title='bbox 401 2430 470 2529; x_wconf 89' lang='lat' dir='ltr'>ejus</span> <span class='ocrx_word' id='word_1_136' title='bbox 481 2432 638 2532; x_wconf 89' lang='lat' dir='ltr'>temporis</span> <span class='ocrx_word' id='word_1_137' title='bbox 648 2434 838 2520; x_wconf 84' lang='lat' dir='ltr'>astronomi,</span> <span class='ocrx_word' id='word_1_138' title='bbox 851 2432 1041 2507; x_wconf 88' lang='lat' dir='ltr'>rationibus</span> <span class='ocrx_word' id='word_1_139' title='bbox 1051 2434 1095 2509; x_wconf 91' lang='lat' dir='ltr'>ad</span> <span class='ocrx_word' id='word_1_140' title='bbox 1109 2452 1202 2510; x_wconf 85' lang='lat' dir='ltr'>astro</span> 
     </span>
     <span class='ocr_line' id='line_1_20' title="bbox 141 2545 1202 2647; baseline 0.001 -27"><span class='ocrx_word' id='word_1_141' title='bbox 141 2546 285 2620; x_wconf 87' lang='lat' dir='ltr'>numiam</span> <span class='ocrx_word' id='word_1_142' title='bbox 303 2545 495 2647; x_wconf 86' lang='lat' dir='ltr'>sphaericam</span> <span class='ocrx_word' id='word_1_143' title='bbox 510 2546 703 2633; x_wconf 90' lang='lat' dir='ltr'>subductis,</span> <span class='ocrx_word' id='word_1_144' title='bbox 723 2545 861 2642; x_wconf 84' lang='lat' dir='ltr'>singulis</span> <span class='ocrx_word' id='word_1_145' title='bbox 879 2547 999 2620; x_wconf 90' lang='lat' dir='ltr'>diebus</span> <span class='ocrx_word' id='word_1_146' title='bbox 1015 2565 1088 2621; x_wconf 90' lang='lat' dir='ltr'>tum</span> <span class='ocrx_word' id='word_1_147' title='bbox 1102 2567 1202 2623; x_wconf 86' lang='lat' dir='ltr'>certos</span> 
     </span>
     <span class='ocr_line' id='line_1_21' title="bbox 141 2661 1208 2766; baseline -0.004 -30"><span class='ocrx_word' id='word_1_148' title='bbox 141 2662 284 2736; x_wconf 89' lang='lat' dir='ltr'>siderum</span> <span class='ocrx_word' id='word_1_149' title='bbox 300 2678 393 2737; x_wconf 88' lang='lat' dir='ltr'>ortus</span> <span class='ocrx_word' id='word_1_150' title='bbox 405 2677 437 2734; x_wconf 92' lang='lat' dir='ltr'>et</span> <span class='ocrx_word' id='word_1_151' title='bbox 447 2688 600 2743; x_wconf 87' lang='lat' dir='ltr'>occasus,</span> <span class='ocrx_word' id='word_1_152' title='bbox 619 2678 652 2733; x_wconf 93' lang='lat' dir='ltr'>et</span> <span class='ocrx_word' id='word_1_153' title='bbox 665 2687 759 2734; x_wconf 88' lang='lat' dir='ltr'>verus</span> <span class='ocrx_word' id='word_1_154' title='bbox 771 2677 1009 2761; x_wconf 88' lang='lat' dir='ltr'>etapparentes</span> <span class='ocrx_word' id='word_1_155' title='bbox 1023 2661 1040 2757; x_wconf 97' lang='lat'>(</span> <span class='ocrx_word' id='word_1_156' title='bbox 1048 2679 1088 2734; x_wconf 93' lang='lat' dir='ltr'>ut</span> <span class='ocrx_word' id='word_1_157' title='bbox 1102 2661 1208 2766; x_wconf 26' lang='lat' dir='ltr'>kalen,</span> 
     </span>
     <span class='ocr_line' id='line_1_22' title="bbox 141 2773 1201 2875; baseline 0 -28"><span class='ocrx_word' id='word_1_158' title='bbox 141 2774 230 2849; x_wconf 89' lang='lat' dir='ltr'>daria</span> <span class='ocrx_word' id='word_1_159' title='bbox 247 2803 286 2847; x_wconf 83' lang='lat' dir='ltr'>ex</span> <span class='ocrx_word' id='word_1_160' title='bbox 299 2775 340 2847; x_wconf 89' lang='lat' dir='ltr'>iis</span> <span class='ocrx_word' id='word_1_161' title='bbox 355 2791 507 2875; x_wconf 85' lang='lat' dir='ltr'>excerpta</span> <span class='ocrx_word' id='word_1_162' title='bbox 524 2773 680 2871; x_wconf 85' lang='lat' dir='ltr'>docent);</span> <span class='ocrx_word' id='word_1_163' title='bbox 695 2791 765 2847; x_wconf 90' lang='lat' dir='ltr'>tum</span> <span class='ocrx_word' id='word_1_164' title='bbox 783 2791 886 2848; x_wconf 90' lang='lat' dir='ltr'>certas</span> <span class='ocrx_word' id='word_1_165' title='bbox 903 2791 1116 2874; x_wconf 89' lang='lat' dir='ltr'>tempestates</span> <span class='ocrx_word' id='word_1_166' title='bbox 1133 2803 1201 2849; x_wconf 85' lang='lat' dir='ltr'>curu</span> 
     </span>
     <span class='ocr_line' id='line_1_23' title="bbox 140 2890 1200 2993; baseline 0.001 -31"><span class='ocrx_word' id='word_1_167' title='bbox 140 2890 394 2988; x_wconf 90' lang='lat' dir='ltr'>iisconjunctas,</span> <span class='ocrx_word' id='word_1_168' title='bbox 407 2890 773 2990; x_wconf 86' lang='lat' dir='ltr'>quatenusexperientia</span> <span class='ocrx_word' id='word_1_169' title='bbox 786 2891 956 2980; x_wconf 89' lang='lat' dir='ltr'>docuerat,</span> <span class='ocrx_word' id='word_1_170' title='bbox 966 2892 1200 2993; x_wconf 79' lang='lat' dir='ltr'>adposuerunt</span> 
     </span>
     <span class='ocr_line' id='line_1_24' title="bbox 139 3008 1198 3111; baseline 0.003 -30"><span class='ocrx_word' id='word_1_171' title='bbox 139 3008 265 3091; x_wconf 76' lang='lat' dir='ltr'>Meton,</span> <span class='ocrx_word' id='word_1_172' title='bbox 286 3008 456 3091; x_wconf 72' lang='lat' dir='ltr'>Eudoxus,</span> <span class='ocrx_word' id='word_1_173' title='bbox 475 3012 674 3097; x_wconf 85' lang='lat' dir='ltr'>Euctemon,</span> <span class='ocrx_word' id='word_1_174' title='bbox 691 3010 920 3099; x_wconf 83' lang='lat' dir='ltr'>Democritus,</span> <span class='ocrx_word' id='word_1_175' title='bbox 937 3011 1111 3111; x_wconf 79' lang='lat' dir='ltr'>Calippus,</span> <span class='ocrx_word' id='word_1_176' title='bbox 1128 3012 1198 3084; x_wconf 88' lang='lat' dir='ltr'>Do-</span> 
     </span>
     <span class='ocr_line' id='line_1_25' title="bbox 140 3112 1199 3225; baseline 0 -26"><span class='ocrx_word' id='word_1_177' title='bbox 140 3125 282 3213; x_wconf 82' lang='lat' dir='ltr'>sitheus,</span> <span class='ocrx_word' id='word_1_178' title='bbox 297 3112 431 3196; x_wconf 80' lang='lat' dir='ltr'>nomina</span> <span class='ocrx_word' id='word_1_179' title='bbox 444 3120 500 3196; x_wconf 92' lang='lat' dir='ltr'>illa</span> <span class='ocrx_word' id='word_1_180' title='bbox 517 3123 654 3197; x_wconf 84' lang='lat' dir='ltr'>celebria</span> <span class='ocrx_word' id='word_1_181' title='bbox 668 3124 776 3215; x_wconf 84' lang='lat' dir='ltr'>suere,</span> <span class='ocrx_word' id='word_1_182' title='bbox 795 3126 984 3225; x_wconf 89' lang='lat' dir='ltr'>inquorum</span> <span class='ocrx_word' id='word_1_183' title='bbox 1001 3126 1199 3202; x_wconf 85' lang='lat' dir='ltr'>observatio·</span> 
     </span>
     <span class='ocr_line' id='line_1_26' title="bbox 141 3237 1195 3343; baseline 0.004 -34"><span class='ocrx_word' id='word_1_184' title='bbox 141 3239 256 3323; x_wconf 92' lang='lat' dir='ltr'>nibus,</span> <span class='ocrx_word' id='word_1_185' title='bbox 274 3267 341 3311; x_wconf 92' lang='lat' dir='ltr'>non</span> <span class='ocrx_word' id='word_1_186' title='bbox 359 3266 471 3311; x_wconf 89' lang='lat' dir='ltr'>eorum</span> <span class='ocrx_word' id='word_1_187' title='bbox 486 3237 595 3310; x_wconf 87' lang='lat' dir='ltr'>solum</span> <span class='ocrx_word' id='word_1_188' title='bbox 608 3255 754 3339; x_wconf 89' lang='lat' dir='ltr'>tempore</span> <span class='ocrx_word' id='word_1_189' title='bbox 768 3239 824 3312; x_wconf 88' lang='lat' dir='ltr'>sed</span> <span class='ocrx_word' id='word_1_190' title='bbox 838 3257 870 3311; x_wconf 90' lang='lat' dir='ltr'>et</span> <span class='ocrx_word' id='word_1_191' title='bbox 882 3260 1017 3339; x_wconf 91' lang='lat' dir='ltr'>postea,</span> <span class='ocrx_word' id='word_1_192' title='bbox 1037 3240 1195 3343; x_wconf 83' lang='lat' dir='ltr'>plurimie</span> 
     </span>
     <span class='ocr_line' id='line_1_27' title="bbox 142 3350 1195 3445; baseline -0.002 -20"><span class='ocrx_word' id='word_1_193' title='bbox 142 3352 264 3425; x_wconf 75' lang='lat' dir='ltr'>Graecis</span> <span class='ocrx_word' id='word_1_194' title='bbox 282 3370 314 3425; x_wconf 91' lang='lat' dir='ltr'>et</span> <span class='ocrx_word' id='word_1_195' title='bbox 330 3353 488 3426; x_wconf 87' lang='lat' dir='ltr'>Romanis</span> <span class='ocrx_word' id='word_1_196' title='bbox 506 3352 550 3425; x_wconf 92' lang='lat' dir='ltr'>ob</span> <span class='ocrx_word' id='word_1_197' title='bbox 571 3350 768 3445; x_wconf 84' lang='lat' dir='ltr'>singularem</span> <span class='ocrx_word' id='word_1_198' title='bbox 787 3351 984 3442; x_wconf 86' lang='lat' dir='ltr'>utilitatem,</span> <span class='ocrx_word' id='word_1_199' title='bbox 1003 3356 1066 3430; x_wconf 89' lang='lat' dir='ltr'>etsi</span> <span class='ocrx_word' id='word_1_200' title='bbox 1082 3355 1123 3427; x_wconf 91' lang='lat' dir='ltr'>ob</span> <span class='ocrx_word' id='word_1_201' title='bbox 1138 3353 1195 3425; x_wconf 83' lang='lat' dir='ltr'>aevi</span> 
     </span>
     <span class='ocr_line' id='line_1_28' title="bbox 137 3468 1195 3572; baseline 0 -30"><span class='ocrx_word' id='word_1_202' title='bbox 137 3486 170 3542; x_wconf 92' lang='lat' dir='ltr'>et</span> <span class='ocrx_word' id='word_1_203' title='bbox 187 3469 270 3543; x_wconf 89' lang='lat' dir='ltr'>situs</span> <span class='ocrx_word' id='word_1_204' title='bbox 285 3470 504 3545; x_wconf 85' lang='lat' dir='ltr'>diversitatem</span> <span class='ocrx_word' id='word_1_205' title='bbox 522 3469 631 3541; x_wconf 90' lang='lat' dir='ltr'>minus</span> <span class='ocrx_word' id='word_1_206' title='bbox 649 3468 874 3556; x_wconf 87' lang='lat' dir='ltr'>convenirent,</span> <span class='ocrx_word' id='word_1_207' title='bbox 888 3473 1092 3572; x_wconf 84' lang='lat' dir='ltr'>acquiescere</span> <span class='ocrx_word' id='word_1_208' title='bbox 1108 3469 1195 3546; x_wconf 90' lang='lat' dir='ltr'>soliti</span> 
     </span>
     <span class='ocr_line' id='line_1_29' title="bbox 138 3586 1195 3686; baseline -0.001 -25"><span class='ocrx_word' id='word_1_209' title='bbox 138 3605 216 3661; x_wconf 88' lang='lat' dir='ltr'>sunt</span> <span class='ocrx_word' id='word_1_210' title='bbox 237 3596 258 3657; x_wconf 92' lang='lat'>¹.</span> <span class='ocrx_word' id='word_1_211' title='bbox 278 3590 326 3659; x_wconf 90' lang='lat' dir='ltr'>Ut</span> <span class='ocrx_word' id='word_1_212' title='bbox 347 3587 490 3660; x_wconf 78' lang='lat' dir='ltr'>iniustis</span> <span class='ocrx_word' id='word_1_213' title='bbox 508 3586 687 3686; x_wconf 87' lang='lat' dir='ltr'>postmodo</span> <span class='ocrx_word' id='word_1_214' title='bbox 708 3587 822 3660; x_wconf 81' lang='lat' dir='ltr'>Ronrae</span> <span class='ocrx_word' id='word_1_215' title='bbox 844 3587 964 3661; x_wconf 82' lang='lat' dir='ltr'>sactum</span> <span class='ocrx_word' id='word_1_216' title='bbox 988 3609 1056 3676; x_wconf 88' lang='lat' dir='ltr'>est,</span> <span class='ocrx_word' id='word_1_217' title='bbox 1079 3590 1124 3663; x_wconf 85' lang='lat' dir='ltr'>ita</span> <span class='ocrx_word' id='word_1_218' title='bbox 1146 3606 1195 3660; x_wconf 91' lang='lat' dir='ltr'>ta-</span> 
     </span>
     <span class='ocr_line' id='line_1_30' title="bbox 136 3700 1194 3804; baseline -0.001 -28"><span class='ocrx_word' id='word_1_219' title='bbox 136 3702 244 3791; x_wconf 80' lang='lat' dir='ltr'>bulae,</span> <span class='ocrx_word' id='word_1_220' title='bbox 263 3701 298 3773; x_wconf 90' lang='lat' dir='ltr'>in</span> <span class='ocrx_word' id='word_1_221' title='bbox 312 3701 434 3800; x_wconf 91' lang='lat' dir='ltr'>quibus</span> <span class='ocrx_word' id='word_1_222' title='bbox 447 3703 516 3776; x_wconf 87' lang='lat' dir='ltr'>baec</span> <span class='ocrx_word' id='word_1_223' title='bbox 531 3717 643 3774; x_wconf 90' lang='lat' dir='ltr'>notata</span> <span class='ocrx_word' id='word_1_224' title='bbox 659 3701 766 3786; x_wconf 87' lang='lat' dir='ltr'>sucre,</span> <span class='ocrx_word' id='word_1_225' title='bbox 783 3700 819 3773; x_wconf 92' lang='lat' dir='ltr'>in</span> <span class='ocrx_word' id='word_1_226' title='bbox 836 3701 966 3775; x_wconf 76' lang='lat' dir='ltr'>Graeciae</span> <span class='ocrx_word' id='word_1_227' title='bbox 979 3703 1122 3777; x_wconf 90' lang='lat' dir='ltr'>urbibus</span> <span class='ocrx_word' id='word_1_228' title='bbox 1134 3732 1194 3804; x_wconf 91' lang='lat' dir='ltr'>pu·</span> 
     </span>
    </p>
   </div>
   <div class='ocr_carea' id='block_1_4' title="bbox 136 3903 1181 4125">
    <p class='ocr_par' dir='ltr' id='par_1_4' title="bbox 136 3903 1181 4125">
     <span class='ocr_line' id='line_1_31' title="bbox 169 3903 1115 3972; baseline 0 -12"><span class='ocrx_word' id='word_1_229' title='bbox 169 3911 178 3941; x_wconf 91' lang='lat'>¹</span> <span class='ocrx_word' id='word_1_230' title='bbox 196 3907 273 3960; x_wconf 87' lang='lat' dir='ltr'>Valet</span> <span class='ocrx_word' id='word_1_231' title='bbox 286 3905 319 3959; x_wconf 82' lang='lat' dir='ltr'>‹lc</span> <span class='ocrx_word' id='word_1_232' title='bbox 331 3904 370 3958; x_wconf 86' lang='lat' dir='ltr'>ltis</span> <span class='ocrx_word' id='word_1_233' title='bbox 387 3903 558 3958; x_wconf 84' lang='lat' dir='ltr'>observatiou.</span> <span class='ocrx_word' id='word_1_234' title='bbox 571 3905 640 3972; x_wconf 90' lang='lat' dir='ltr'>quod</span> <span class='ocrx_word' id='word_1_235' title='bbox 690 3915 793 3966; x_wconf 64' lang='lat' dir='ltr'>Adjeetm</span> <span class='ocrx_word' id='word_1_236' title='bbox 800 3917 866 3955; x_wconf 77' lang='lat' dir='ltr'>Meron</span> <span class='ocrx_word' id='word_1_237' title='bbox 876 3919 967 3968; x_wconf 59' lang='lat' dir='ltr'>coempta</span> <span class='ocrx_word' id='word_1_238' title='bbox 979 3920 1054 3960; x_wconf 68' lang='lat' dir='ltr'>dicitnr</span> <span class='ocrx_word' id='word_1_239' title='bbox 1061 3931 1115 3960; x_wconf 72' lang='lat' dir='ltr'>ure:</span> 
     </span>
     <span class='ocr_line' id='line_1_32' title="bbox 139 3982 1181 4052; baseline 0.003 -23"><span class='ocrx_word' id='word_1_240' title='bbox 139 3983 185 4038; x_wconf 72' lang='lat' dir='ltr'>alia</span> <span class='ocrx_word' id='word_1_241' title='bbox 192 3984 225 4037; x_wconf 70' lang='lat' dir='ltr'>de</span> <span class='ocrx_word' id='word_1_242' title='bbox 234 4004 262 4036; x_wconf 69' lang='lat' dir='ltr'>re</span> <span class='ocrx_word' id='word_1_243' title='bbox 272 3986 362 4037; x_wconf 61' lang='lat' dir='ltr'>Festus</span> <span class='ocrx_word' id='word_1_244' title='bbox 371 3982 487 4035; x_wconf 68' lang='lat' dir='ltr'>Avienus</span> <span class='ocrx_word' id='word_1_245' title='bbox 495 3985 592 4052; x_wconf 72' lang='lat' dir='ltr'>Progn‚</span> <span class='ocrx_word' id='word_1_246' title='bbox 600 3986 639 4049; x_wconf 65' lang='lat'>45:</span> <span class='ocrx_word' id='word_1_247' title='bbox 689 3990 805 4041; x_wconf 63' lang='lat' dir='ltr'>laedique</span> <span class='ocrx_word' id='word_1_248' title='bbox 814 3992 884 4029; x_wconf 72' lang='lat' dir='ltr'>animis</span> <span class='ocrx_word' id='word_1_249' title='bbox 893 4020 901 4040; x_wconf 87' lang='lat'>,</span> <span class='ocrx_word' id='word_1_250' title='bbox 911 3993 974 4030; x_wconf 78' lang='lat' dir='ltr'>tenuit</span> <span class='ocrx_word' id='word_1_251' title='bbox 983 4007 1025 4032; x_wconf 62' lang='lat' dir='ltr'>rem</span> <span class='ocrx_word' id='word_1_252' title='bbox 1034 3995 1108 4033; x_wconf 75' lang='lat' dir='ltr'>cmi·</span> <span class='ocrx_word' id='word_1_253' title='bbox 1117 3995 1181 4033; x_wconf 73' lang='lat' dir='ltr'>collon</span> 
     </span>
     <span class='ocr_line' id='line_1_33' title="bbox 136 4061 1168 4125; baseline -0.006 -13"><span class='ocrx_word' id='word_1_254' title='bbox 136 4073 191 4112; x_wconf 72' lang='lat' dir='ltr'>llltua</span> <span class='ocrx_word' id='word_1_255' title='bbox 199 4074 222 4111; x_wconf 78' lang='lat' dir='ltr'>ad</span> <span class='ocrx_word' id='word_1_256' title='bbox 230 4086 320 4112; x_wconf 78' lang='lat' dir='ltr'>numero.-</span> <span class='ocrx_word' id='word_1_257' title='bbox 328 4072 402 4125; x_wconf 76' lang='lat' dir='ltr'>prolixu</span> <span class='ocrx_word' id='word_1_258' title='bbox 411 4071 504 4112; x_wconf 63' lang='lat' dir='ltr'>&amp;sennia</span> <span class='ocrx_word' id='word_1_259' title='bbox 513 4085 591 4111; x_wconf 74' lang='lat' dir='ltr'>runcum</span> <span class='ocrx_word' id='word_1_260' title='bbox 688 4061 793 4111; x_wconf 62' lang='grc' dir='ltr'>Ρωῑῖῡῑῑθι</span> <span class='ocrx_word' id='word_1_261' title='bbox 803 4072 823 4102; x_wconf 74' lang='lat'>⁶¹</span> <span class='ocrx_word' id='word_1_262' title='bbox 829 4063 895 4116; x_wconf 56' lang='lat'><em>1⁰⁸8&amp;</em></span> <span class='ocrx_word' id='word_1_263' title='bbox 903 4075 1001 4105; x_wconf 64' lang='lat' dir='ltr'>mmm</span> <span class='ocrx_word' id='word_1_264' title='bbox 1009 4071 1065 4108; x_wconf 75' lang='lat' dir='ltr'>nr&#39;sit</span> <span class='ocrx_word' id='word_1_265' title='bbox 1073 4072 1095 4108; x_wconf 72' lang='lat' dir='ltr'>r&#39;s</span> <span class='ocrx_word' id='word_1_266' title='bbox 1101 4081 1168 4106; x_wconf 73' lang='lat' dir='ltr'>m</span> 
     </span>
    </p>
   </div>
   <div class='ocr_carea' id='block_1_5' title="bbox 0 0 1350 4672">
    <p class='ocr_par' dir='ltr' id='par_1_5' title="bbox 0 0 1350 4672">
     <span class='ocr_line' id='line_1_34' title="bbox 0 0 1350 4672; baseline 0 3"><span class='ocrx_word' id='word_1_267' title='bbox 0 0 1350 4672; x_wconf 95' lang='lat' dir='ltr'> </span> 
     </span>
    </p>
   </div>
  </div>
 </body>
</html>
