2692 4672
11 382 17 589 ς

279 278 303 335 a
365 198 961 381 „gjsj-3''s'2²“·''·i³'1'trsmrro.
1026 266 1029 271 ·

277 413 312 523 ej
318 410 363 493 us'
373 390 494 493 ardea
508 406 691 491 nonnihil
705 406 918 520 discrepare
929 405 1128 514 videbam,
1140 408 1340 519 persistere

61 562 72 611 τ
119 542 174 637 ’.··,
204 544 224 603 ·’
277 561 320 642 in
330 590 445 671 opere
454 580 579 671 coepto
589 557 747 670 placuit.
760 555 823 640 De
833 588 921 641 mea
933 559 1081 640 ratione
1094 587 1216 669 pauca
1225 568 1338 667 sunt,

275 739 367 826 quae
377 738 577 792 moneam.
590 707 625 791 A
636 707 860 792 recensione
868 706 1341 803 HeinsioBurmanniana

276 858 421 969 passim
432 853 692 939 recedendum
704 852 801 934 mihi
815 853 1044 937 videbatur:
1064 885 1193 970 neque
1203 885 1341 939 omnes

276 1005 479 1110 lectiones,
500 1000 967 1119 quasMitscherlichiiV.
985 1002 1040 1083 D.
1058 1002 1250 1114 judicium
1264 1004 1342 1088 ele-

273 1154 345 1268 git,
356 1178 504 1237 servare
517 1174 708 1264 poteram.
723 1149 859 1264 ltaque
872 1170 1023 1231 textum
1036 1151 1133 1261 ipse,
1143 1179 1222 1265 qua
1232 1152 1340 1263 potui

272 1300 496 1416 diligentia,
518 1297 729 1404 constitui,
751 1296 990 1413 singulisque
1003 1296 1098 1379 locis
1117 1295 1229 1380 factae
1248 1327 1337 1380 mu-

273 1448 429 1532 tationis
454 1443 609 1530 reddidi
633 1446 840 1528 rationem.
875 1414 1050 1528 Evariis
1077 1442 1337 1554 lectionibus,

271 1627 369 1714 quas
388 1595 564 1707 exempla
583 1597 768 1676 carminis
787 1617 870 1675 tam
895 1597 1035 1706 scripta
1054 1655 1066 1700 ,
1096 1625 1218 1710 quam
1238 1595 1340 1679 edita

272 1742 596 1858 suppeditabant,
617 1740 919 1849 memorabiles,
947 1742 1187 1851 conjecturas
1205 1767 1339 1828 autem

270 1894 448 1977 virorum
467 1888 698 1995 doctorum,
719 1917 809 2004 quae
838 1885 1001 2003 quidem
1023 1885 1124 1967 mihi
1151 1889 1336 1974 innotue-

267 2061 365 2123 runt
377 2098 388 2145 ,
400 2067 537 2121 omnes
545 2035 721 2142 exhibui,
735 2033 876 2117 additis
890 2032 1045 2143 judiciis
1056 2055 1138 2116 tarn
1150 2035 1334 2144 aliomm,

271 2160 393 2303 quam
413 2186 509 2267 meis
528 2183 897 2297 qualibuscumque.
922 2177 969 2261 ln
989 2183 1276 2294 interpretando
1295 2185 1337 2269 id

271 2330 470 2450 agendum
490 2349 596 2434 erat,
618 2350 663 2410 ut
677 2326 819 2409 modus
833 2349 1046 2412 servaretur
1065 2365 1074 2410 ε
1093 2361 1187 2413 narn
1201 2334 1233 2411 si
1247 2336 1337 2447 quis

270 2482 430 2589 omnia,
461 2508 634 2597 quorum
653 2474 973 2589 explicandorum
991 2480 1235 2561 occasionem
1260 2477 1336 2565 hoc

269 2660 428 2714 carmen
447 2624 618 2739 praebet,
641 2625 832 2739 copiosius
857 2625 1046 2708 illustrare
1065 2623 1186 2732 velit,
1206 2628 1331 2741 majo-

269 2807 354 2861 rem
365 2776 408 2858 in
420 2774 568 2857 molem
580 2773 691 2857 facilc
704 2772 803 2854 liber
813 2774 1014 2877 increscat,
1024 2772 1202 2884 plurimis
1215 2748 1329 2860 etiam

268 2925 491 3011 excursibus
502 2947 541 3007 et
548 2921 872 3037 disputationibus
887 2944 1081 3006 oneratus.
1096 2923 1245 3007 Rerum
1257 2957 1331 3010 cae-

268 3075 425 3157 lestium
442 3072 583 3155 rudem
604 3069 721 3154 fuisse
739 3070 956 3177 Ovidium,
981 3092 1098 3188 atque
1111 3072 1154 3154 in
1170 3073 1215 3155 iis
1234 3075 1297 3157 ref
1314 3126 1330 3138 -

270 3223 399 3308 rendis
419 3222 586 3308 subinde
599 3249 795 3335 peccasse,
812 3220 901 3303 satis
912 3244 1074 3306 constat.
1092 3224 1136 3306 ln
1153 3225 1199 3306 iis
1214 3225 1330 3339 igitur

266 3370 497 3487 castigandis
515 3402 598 3452 non
617 3370 759 3484 longus
781 3368 837 3451 fui
853 3399 865 3476 3
887 3371 977 3453 satis
998 3372 1097 3454 mihi
1120 3370 1195 3453 fuit
1213 3401 1326 3453 men-

267 3542 349 3605 tem
361 3541 510 3631 poetae,
531 3516 601 3599 ubi
615 3515 851 3599 subobscura
864 3539 984 3625 esset,
1006 3519 1167 3630 aperire.
1187 3515 1325 3630 Scripsi

267 3658 407 3747 Fuldae
426 3663 519 3746 Kal.
543 3663 660 3746 Mart.
685 3694 715 3744 u
734 3692 828 3745 nccc
844 3694 900 3745 ιι.

683 3949 916 3974 *
