2692 4672
414 294 467 399 ιιι
492 328 915 398 ov1n11rssros.
1128 325 1195 414 469

133 498 345 560 censeamus,
364 471 424 546 ubi
449 499 563 545 eorum
588 470 622 543 in
648 469 771 543 ovidio
796 463 991 569 explicando
1016 462 1068 538 rel
1090 491 1197 538 emen-

134 594 245 671 dando
263 612 375 696 partes
391 611 478 667 sunt.

184 717 277 791 Fust.
297 716 339 803 Ι,
368 715 438 815 589
461 714 555 788 add.
585 712 628 787 13
651 711 758 813 April.
784 710 925 785 Ovidius
944 708 1131 810 provincias
1155 706 1197 780 ab

138 839 321 915 Octaviano
331 836 459 942 populo
468 837 634 927 redditas,
652 854 687 911 et
698 861 880 930 cognomen
890 831 1035 928 Augusti
1048 831 1084 904 iu
1095 858 1200 905 unum

137 961 352 1062 eumdemque
371 960 457 1034 diem
473 986 597 1062 ponere
614 958 764 1032 videtur:

269 1115 435 1186 Redditaque
448 1125 487 1168 est
499 1114 585 1168 omnis
599 1114 696 1183 populo
708 1113 842 1183 provincia
851 1119 957 1178 nostro,

321 1207 357 1262 Et
371 1218 432 1262 tuus
445 1207 565 1277 Augusto
576 1205 685 1258 nomine
698 1204 782 1259 dictus
794 1224 864 1258 avus.

139 1350 332 1426 Tenendum
356 1349 391 1424 h.
412 1348 441 1425 l.
471 1349 562 1451 quod
589 1347 858 1443 diligentissimus
885 1347 1025 1447 quisque
1053 1361 1201 1419 veterum

140 1475 340 1577 scriptorum
364 1471 469 1546 lector
494 1472 629 1545 minime
655 1470 847 1566 ignorabit,
874 1496 961 1571 sape
987 1497 1044 1543 eos
1069 1493 1199 1553 rerum,

139 1598 228 1672 hand
245 1596 378 1698 quidem
395 1593 493 1668 simul
510 1613 692 1690 gestarum,
712 1593 771 1668 sed
786 1610 900 1668 mutua
918 1592 1045 1666 ratione
1063 1591 1201 1689 conjun-

141 1720 434 1820 ctarum,juuctim
450 1720 650 1794 mentionem
666 1719 807 1819 injicere.
817 1721 867 1792 lta
879 1717 1039 1806 Orosius,
1056 1718 1121 1803 vl,
1139 1740 1200 1802 ao,

141 1863 320 1947 postquam
336 1843 367 1917 d.
378 1845 459 1917 Vlll
473 1860 548 1917 ante
561 1842 610 1915 ld.
623 1844 782 1916 Caesarem
795 1840 929 1915 rediisse
943 1840 1134 1941 scripserat,
1146 1866 1201 1910 eo·

145 1967 218 2040 dem
233 1966 284 2041 die
296 1996 371 2041 euur
383 1968 573 2062 Augustum
589 1963 828 2039 consalutatum
841 1991 928 2049 esse,
946 1962 1051 2047 addit,
1065 1961 1203 2058 conjun-

146 2083 1096 2186 gensduasresaseinvicempendentcs,nonsimulsactas.
1116 2083 1204 2156 Prae-

146 2213 258 2287 sertim
269 2213 449 2287 Suetonius
458 2212 506 2285 ita
521 2236 606 2310 sape
619 2208 831 2309 explicandus
845 2225 903 2280 est.
919 2208 995 2280 Hoc
1009 2206 1083 2281 loco
1100 2235 1204 2280 unum

147 2354 179 2408 et
188 2334 329 2409 alterum
340 2362 409 2406 non
425 2362 494 2407 uno
509 2332 561 2405 die
573 2331 748 2428 contigisse
759 2330 901 2429 jam'Dio
914 2330 1091 2404 tradiderat
1104 2332 1183 2403 Llll
1194 2354 1213 2419 ,·

152 2457 213 2545 163
230 2458 397 2545 scribens,
412 2459 556 2559 primum
567 2457 682 2530 habita
699 2455 739 2528 de
751 2455 934 2530 diuidendis
951 2454 1128 2556 provinciis
1137 2482 1207 2528 ora-

148 2583 236 2656 tione
255 2607 385 2654 corona
403 2606 534 2680 qucum
553 2579 700 2654 honores
717 2573 751 2652 ei
765 2578 933 2665 decretos,
959 2593 1074 2680 postea
1097 2593 1207 2650 autem

149 2732 247 2791 eum,
272 2702 427 2805 perlectis
451 2700 583 2776 demum
605 2701 665 2792 iis,
693 2731 765 2808 quae
779 2700 960 2803 pollicitus
979 2700 1105 2786 luerat,
1132 2702 1207 2774 Au·

143 2841 265 2927 gustum
275 2825 399 2899 dictum
413 2852 484 2900 esse
497 2853 505 2897 ι
518 2823 557 2897 ad
572 2853 670 2925 quem
683 2824 793 2900 locum
806 2825 872 2924 jam
884 2823 1048 2898 Rerinorus
1063 2822 1207 2896 diversas

150 2952 338 3026 notationes
359 2948 570 3025 conciliatum
595 2949 663 3023 ivit.
690 2951 775 3023 Cum
796 2950 906 3023 Dione
929 2948 976 3023 itu
998 2948 1211 3023 statuendum
1317 2992 1322 3001 ·

153 3101 222 3148 esse
237 3074 372 3149 Verrius
388 3074 499 3160 docet,
519 3090 557 3145 ut
574 3071 604 3144 d.
625 3070 667 3143 13
683 3074 756 3146 Jan.
775 3101 905 3147 coronae
922 3101 1053 3174 quernae
1067 3072 1212 3145 bonores

156 3196 199 3269 ob
218 3195 402 3296 provincias
418 3197 562 3283 divisas,
586 3193 639 3268 die
662 3191 704 3264 16
722 3194 851 3268 demtum
869 3193 1012 3288 Augusti
1030 3220 1214 3288 cognomen

157 3317 292 3392 traxisse
308 3314 517 3412 intelligatur.
534 3318 588 3393 Ad
606 3317 636 3391 d.
660 3316 702 3390 13
718 3317 769 3391 ha
785 3334 872 3389 notae
887 3315 1017 3417 scripta
1029 3331 1131 3387 sunt:
1152 3312 1215 3387 Co·

158 3442 512 3541 tonoquer...August.
529 3468 608 3515 ouer.
618 3499 644 3516 ..
655 3439 716 3514 Po.
732 3442 777 3515 R.
794 3439 870 3513 Res.
888 3438 978 3539 quod
993 3435 1216 3538 supplendum

158 3561 363 3637 hauddubie
381 3590 447 3636 oum
463 3561 643 3661 Foggr'oio:
662 3561 785 3637 &mnu
800 3590 914 3662 querna
932 3590 971 3634 ex
990 3561 1023 3635 S.
1044 3561 1082 3635 C.
1104 3588 1219 3662 super·

159 3685 270 3789 posita
284 3702 334 3759 est
348 3684 460 3759 domui
471 3685 556 3784 Imp
573 3685 655 3758 Cas.
672 3685 826 3784 Augusti,
846 3710 992 3757 onerosas
1009 3683 1098 3785 quod
1113 3711 1151 3757 eo
1167 3681 1219 3753 die

161 3809 285 3911 recepit
311 3809 495 3910 provincias
518 3824 552 3882 et
571 3823 706 3908 pacatas
722 3806 855 3908 Populo
874 3809 1026 3882 Romano
1050 3804 1218 3880 Resdtuit

164 3932 229 4007 td
248 3932 279 4005 d.
303 3930 345 4002 16
359 3928 498 4025 legitur:
508 3929 593 4030 Imp.
611 3927 723 4004 Coesor
735 3930 898 4030 Augustus
912 3944 958 4003 est
972 3925 1172 4029 appellatus
1156 3952 1223 4026 spru

166 4072 222 4128 tttt
239 4069 269 4128 et
281 4055 428 4157 Agrippa
443 4052 515 4128 Cos.
534 4051 591 4154 qui
605 4079 712 4127 annus
728 4067 779 4126 est
792 4081 825 4125 ιι.
844 4082 874 4127 c·
894 4075 973 4151 7²7·
