2692 4672
138 283 207 352 506
530 278 817 350 excussus
911 364 920 381 Ι

139 450 239 525 supra
256 420 296 495 de
309 421 466 494 Perenna.
485 418 656 499 Virtutem
672 438 705 497 et
719 418 946 495 fortitudinem
962 418 1037 519 ipsa
1051 419 1103 493 vis
1117 420 1205 493 vocis

139 539 265 624 innuit,
282 563 355 638 que
367 536 404 610 iu
418 564 603 632 cognomen
620 536 853 625 Claudiorum,
867 535 991 611 sabine
1007 537 1134 633 gentis,
1148 536 1201 637 qui

135 653 365 730 asortitudine
380 656 530 732 Nerones
548 653 819 758 appellabantur,
845 652 997 741 transiit3
1015 651 1105 727 vide.
1124 652 1201 725 Sue·

138 771 287 860 tonium,
311 770 423 847 liber.
448 799 462 845 t
483 802 492 847 ε
511 775 600 848 Nem
619 770 724 872 lingna
739 769 945 871 sobinrsortis
964 784 997 843 et
1009 769 1204 843 sturmii

137 885 251 987 Lydo,
276 917 310 989 p.
332 886 399 975 85,
423 889 569 964 eamdem
586 892 702 965 Romee
726 918 801 963 cum
826 890 935 962 Marte
951 886 1077 960 marito
1100 885 1208 959 Tubi«

136 999 247 1076 lustrii
259 1003 312 1079 die
322 1004 444 1080 cultam
457 1033 529 1082 esee
539 1006 788 1103 cognoscimus,
802 1005 862 1080 ubi
879 1004 1029 1078 eamdem
1041 1003 1203 1103 interpre-

137 1117 295 1194 tationem
312 1119 433 1219 adjicit

186 1237 227 1309 ln
238 1235 501 1313 Tusculanorum
513 1237 733 1334 religionibus
748 1235 940 1312 domesticis
957 1233 1125 1335 precipue
1139 1230 1204 1305 lan·

138 1352 237 1428 datur
248 1354 342 1429 Maio
357 1355 497 1453 (magna
509 1356 607 1455 Dea)
622 1385 696 1458 qna
709 1355 859 1431 tellurem
878 1353 1002 1427 referre
1018 1350 1158 1435 videtur,
1173 1361 1207 1422 et

139 1468 283 1546 Vulcani
295 1500 381 1545 uror
391 1471 523 1547 dicitur.
534 1475 635 1548 Forte
646 1491 679 1547 et
691 1472 820 1558 Maius,
830 1469 865 1543 id
875 1486 926 1543 est
936 1524 946 1556 ,
958 1463 1205 1550 summusdeus,

141 1585 285 1663 Vulcani
301 1616 424 1664 nomen
437 1590 526 1690 apud
538 1587 675 1664 Tuscul,
691 1585 774 1674 fuit,
794 1585 857 1660 etei
871 1583 1071 1685 pluuntque
1084 1580 1207 1654 ldaium
1266 1586 1270 1591 ’

139 1701 182 1775 ad
199 1703 315 1778 Jovem
332 1703 489 1778 referunt.
509 1703 719 1779 Vindicanda
736 1705 799 1777 erit
821 1700 932 1773 eadem
948 1696 1089 1784 Gellio,
1109 1697 1206 1778 Xlll,

142 1846 205 1907 22,
218 1820 279 1893 ubi
294 1820 384 1894 Nais
397 1819 536 1894 Volcani
546 1821 637 1919 apud
655 1821 801 1892 Gronov.
821 1842 993 1918 perperam
1010 1814 1144 1910 legitur.
1155 1814 1208 1888 Ab

142 1933 301 2010 alterutro
319 1951 429 2008 autem
450 1934 578 2008 Maium
600 1962 745 2009 mensem
766 1961 889 2008 nomen
909 1931 1034 2004 habere
1056 1930 1215 2005 adrerum.

142 2067 293 2125 auctores
310 2050 400 2151 apud
416 2050 567 2124 Macrob.
588 2049 678 2151 quod
700 2048 742 2123 ad
766 2045 1039 2151 probabilitatem
1065 2046 1210 2121 omnium

144 2163 293 2265 proxime
306 2163 432 2239 aceedit
442 2219 451 2252 ,
462 2183 499 2239 et
511 2162 646 2265 plurimi
657 2165 784 2238 Bonam
796 2164 921 2250 Deam,
935 2161 990 2235 die
1012 2188 1026 2233 r
1048 2161 1135 2235 Maii
1149 2160 1210 2234 coli

145 2277 294 2364 solitam,
310 2276 352 2351 ad
370 2277 456 2353 banc
477 2278 600 2353 Maiam
615 2276 772 2352 referunt.
796 2278 897 2350 Forte
913 2277 1060 2363 Fanum,
1081 2277 1213 2362 Terre,

145 2394 243 2470 Maia
258 2397 393 2470 numina
411 2397 446 2470 in
463 2426 567 2471 unum
585 2426 707 2472 numen
723 2394 887 2470 cumulata
906 2412 1000 2481 sunt,
1019 2392 1071 2467 vel
1088 2394 1216 2467 utrius-

147 2543 212 2615 que
225 2515 347 2589 festnm
363 2516 500 2589 nonnisi
517 2514 552 2587 in
568 2543 672 2588 unum
690 2515 776 2588 diem
792 2513 966 2588 incidebat.
984 2511 1218 2586 Commutatio

148 2633 219 2731 ejus
230 2634 412 2709 com'tdoia
428 2632 588 2708 Mercurii
603 2633 758 2734 frequens
774 2633 810 2707 in
825 2633 1057 2729 grammaticis.

197 2751 345 2827 Multum
362 2754 518 2841 referret,
536 2752 564 2826 si
582 2770 731 2852 tempus,
756 2780 823 2852 quo
847 2750 947 2849 hujus
967 2749 1018 2824 rel
1036 2748 1126 2822 illius
1151 2777 1212 2820 nu·

147 2866 246 2941 ruinis
262 2867 373 2941 cultus
388 2868 423 2941 in
438 2865 566 2942 ltaliam
583 2867 728 2968 primum
745 2867 900 2941 advectus
916 2866 978 2952 sit,
999 2861 1148 2964 persequi
1166 2858 1211 2931 li-

149 3000 255 3071 ceret,
273 2983 333 3056 ubi
350 2984 385 3055 in
409 2984 523 3085 paucis
544 2982 596 3056 vel
617 2984 802 3083 conjectura
825 2983 951 3085 aliquid
973 2979 1095 3054 efficere
1120 2975 1211 3051 licet.

152 3098 265 3176 Serius
278 3117 410 3203 aperte,
423 3118 456 3175 et
472 3100 523 3173 vel
539 3118 619 3203 post
633 3102 750 3174 Numae
761 3118 910 3202 tempora
924 3097 1122 3174 transierunt
1137 3125 1168 3167 r.
1185 3122 1212 3165 c.

151 3215 274 3315 Apollo
283 3233 315 3290 et
326 3216 369 3289 V
362 3245 445 3291 eous.
459 3216 666 3318 Apollinem,
685 3242 782 3316 quem
797 3245 870 3288 eum
880 3216 955 3314 ipso
966 3214 1099 3288 nomine
1111 3236 1212 3306 graeco

152 3333 375 3433 adoptarunt,
398 3338 550 3409 aNumae
566 3332 843 3426 indigitamentis,
867 3328 919 3403 vel
936 3358 1064 3405 canone
1081 3330 1213 3403 deorum

152 3479 170 3524 a
187 3453 297 3528 Numa
312 3454 499 3549 agniturum
514 3453 656 3526 alienum
671 3451 770 3525 luisse
778 3448 947 3523 Arnobius
959 3467 1087 3534 ramat,
1104 3464 1139 3521 et
1146 3444 1214 3521 Ve-

154 3564 243 3636 neris
261 3594 382 3640 nomen
405 3596 512 3668 neque
536 3567 573 3640 in
591 3564 735 3638 camina
758 3562 866 3637 saliari
889 3590 1084 3646 occurrere,
1110 3582 1217 3658 neque

155 3677 291 3750 omniuo
318 3680 380 3753 sub
404 3681 540 3776 regibus
566 3679 738 3774 cognitum
752 3678 879 3765 luisse,
906 3675 1043 3752 Cincius
1060 3693 1093 3748 et
1107 3678 1218 3750 Varro

156 3794 308 3868 Macrob.
325 3793 364 3883 l,
386 3820 446 3881 ra,
466 3795 608 3870 tradunt.

205 3910 356 4012 Denique
381 3908 570 4008 adjiciamus
592 3910 739 4010 quaedam
757 3909 799 3983 de
822 3904 984 3993 Hercule,
1007 3907 1221 3992 divitiam,

158 4025 297 4101 forcona
314 4044 347 4101 et
362 4025 463 4102 sortis
479 4022 637 4128 preside,
656 4023 698 4099 ad
713 4022 801 4097 Fert.
820 4024 889 4111 Vl,
910 4046 1000 4096 212:
