2692 4672
139 341 200 408 188
412 338 451 403 P.
476 332 908 406 OVIDII⁴0NASONIS

179 477 255 549 Jam
269 475 355 549 bene
370 475 434 549 Dis
453 494 551 550 notas
569 474 705 549 sustulit
721 474 778 549 ille
792 478 912 548 manus
921 503 930 562 3

134 593 246 692 Atque
262 592 328 679 ita,
345 594 492 692 Tempus
508 591 600 666 adest
615 592 774 692 promissi
789 590 952 678 muueris,
972 590 1108 692 iuquit:
1152 612 1200 667 36⁵

185 705 372 780 Pollicitam
389 708 503 794 dictis,
520 709 672 808 Jupiter,
690 707 773 780 adde
789 706 898 780 lidem.

136 817 227 892 Dum
243 817 409 921 loquitur,
427 838 536 895 totum
550 821 617 920 jam
635 820 687 894 sol
703 840 877 896 emerserat
895 820 1030 895 orbem:

186 937 231 1009 Et
248 937 354 1032 gravis
368 939 502 1013 aetherio
520 939 608 1012 venit
622 939 664 1012 ab
682 968 739 1012 axe
753 938 874 1034 fragor.

120 1049 205 1166 ¹Ter
221 1051 331 1124 tonuit
348 1051 419 1126 siue
437 1052 526 1126 nube
544 1052 656 1139 Deus,
674 1053 738 1125 tria
754 1051 886 1148 fulgura
901 1050 1000 1124 misit.

190 1168 322 1243 Credite
340 1169 462 1243 dicenti
481 1200 489 1242 :
504 1171 605 1257 mira,
626 1170 791 1256 seducta,
809 1168 941 1270 loquor.

140 1286 172 1359 Α
186 1287 292 1361 media
311 1286 424 1362 caelum
442 1287 577 1382 regione
593 1286 760 1361 dehiscere
779 1287 900 1388 coepit:

189 1405 380 1478 Submisere
398 1404 511 1479 oculos
528 1434 602 1479 cum
618 1405 700 1478 duce
716 1404 815 1478 turba
835 1432 923 1478 suos.

143 1517 227 1590 Ecce
245 1516 308 1590 levi
323 1536 452 1592 scutum
468 1537 632 1594 versatum
645 1517 762 1592 leniter
777 1546 856 1592 aura

191 1635 346 1708 Decidit:
361 1665 380 1708 a
397 1635 523 1736 populo
539 1635 664 1709 clamor
674 1634 722 1708 ad
740 1654 826 1710 astra
838 1634 937 1708 veuit.

144 1837 192 1900 405
202 1856 208 1888 :
217 1856 230 1880 «
243 1855 375 1906 purpureo
384 1838 470 1892 velare
481 1838 649 1908 (memento)
696 1839 770 1904 nius,
780 1840 835 1906 VI,
845 1839 926 1906 Epist.
935 1855 970 1890 xx
978 1876 986 1903 ,
994 1857 1028 1911 9,
1038 1859 1051 1883 o
1062 1838 1148 1892 nubes
1154 1847 1208 1891 atra

63 1913 65 1917 ’
144 1914 407 1985 »comasadopertue
423 1919 536 1984 amictu,
551 1918 649 1971 »etilu
700 1918 752 1970 »in
764 1918 852 1988 longas
864 1918 1033 1971 flammarum
1047 1915 1145 1986 figuras
1157 1916 1208 1969 de-

145 2011 208 2044 vers.
222 1995 308 2059 545ια
321 1995 404 2064 capita
417 2006 477 2048 aute
492 2011 548 2049 aras
562 1995 650 2067 phry'-
699 2018 712 2042 ι·
725 1995 846 2049 hiscehat.
865 2018 878 2042 n
899 1995 1052 2062 Utrumque
1072 1991 1209 2062 coniunxit

147 2092 160 2114 u
171 2070 213 2138 gio
224 2071 450 2126 velamuramictu.
459 2075 651 2126 u-Pollr'cr'tarrr
699 2074 816 2138 Seneca,
828 2073 994 2141 NatQuaest.
1005 2073 1034 2139 1,
1046 2092 1077 2144 ¹9
1086 2091 1093 2124 ι
1102 2095 1116 2118 ι
1126 2071 1209 2125 Chae-

143 2156 192 2199 etc.
205 2149 332 2201 confirma
342 2189 349 2214 ,
360 2149 430 2219 quod
444 2151 527 2204 verbis
546 2151 651 2219 promi·
700 2175 714 2198 »
726 2171 768 2204 ma
777 2163 825 2216 est,
833 2170 914 2220 quum
924 2149 1026 2219 aliquod
1035 2150 1208 2215 caelispatium

142 2223 213 2289 εἰείίς
224 2227 263 2279 Xl
274 2228 384 2281 Metam.
396 2231 652 2299 107,p01o·cuamfi-
700 2251 714 2276 »
726 2229 834 2282 discedit
846 2271 853 2296 ,
870 2242 897 2284 et
915 2225 1052 2283 {laminam
1071 2228 1208 2283 dehiscens

145 2304 303 2363 dementat,
316 2305 460 2373 periculum
474 2306 551 2370 facit,
565 2325 597 2358 an
614 2305 652 2357 fr-
701 2328 714 2352 u
727 2306 797 2358 velut
806 2306 832 2358 in
841 2306 929 2359 abdito
936 2317 1057 2360 ostentat.
1066 2305 1158 2359 »-A‹t
1166 2304 1209 2357 lul·

145 2378 191 2433 des
200 2379 320 2435 habenda
331 2381 363 2434 eit
376 2382 521 2450 promissis,
533 2383 577 2435 ubi
593 2381 651 2435 vide
699 2403 763 2454 gnra
773 2404 835 2437 saue
846 2384 966 2437 homiues
977 2387 1211 2438 submrllereoculoe

147 2468 247 2511 nolam·
700 2463 800 2527 solent3
812 2463 857 2516 sed
867 2464 902 2516 ita
914 2463 949 2516 illi
961 2472 1058 2516 scutum
1066 2467 1121 2516 leri
1128 2462 1210 2517 verse·

179 2539 234 2605 367.
246 2539 493 2595 Emerserat.emari
501 2539 652 2608 protulerat.
700 2552 751 2593 tum
766 2562 831 2594 aura
850 2553 965 2612 spectare
983 2560 1038 2594 non
1057 2543 1211 2612 potuissent

146 2619 277 2684 Emergere
292 2619 373 2673 active
385 2619 449 2685 dici,
470 2631 546 2689 atque
564 2622 653 2672 castum
702 2619 780 2671 Unus
790 2618 905 2682 Petavii,
916 2637 1045 2672 surrexere
1054 2637 1143 2669 mens
1154 2635 1211 2669 curu
1229 2628 1239 2669 “.“

147 2707 269 2763 quartum
282 2696 378 2751 habere
391 2698 545 2765 adjunctum
558 2736 565 2763 ,
578 2696 654 2748 mul·
701 2696 764 2747 duee
776 2698 848 2746 rurba
858 2713 933 2751 suas,
957 2693 1028 2762 quod
1042 2694 1215 2755 normanum

148 2775 180 2826 tis
189 2775 312 2843 exemplis
323 2775 412 2829 docuit
423 2778 561 2840 Heinsius,
570 2776 614 2844 qui
626 2774 654 2827 id
703 2773 811 2824 minime
825 2772 856 2823 ab
867 2770 973 2823 indocto
986 2772 1090 2824 librario
1102 2766 1213 2839 proice*-

147 2871 177 2904 ox
186 2853 314 2905 Vaticano
323 2872 377 2904 uno
387 2862 414 2906 et
423 2853 537 2905 Thuano
549 2853 654 2922 recepit.
703 2860 759 2902 tum
771 2848 891 2917 putabat:
902 2867 1016 2915 namque
1024 2868 1124 2918 surgere
1132 2842 1211 2903 ctiar'n

149 2930 291 2996 Nonnulli,
303 2935 432 2982 evolverat.
445 2929 548 3000 Vulgo,
560 2951 656 2984 errrore·
704 2926 786 2978 active
795 2941 844 2992 pro
853 2929 974 2993 surrigere
986 2927 1049 2993 poni
1059 2947 1065 2989 ς
1077 2937 1105 2980 et
1117 2925 1210 2981 mlii!

148 3019 194 3060 rat.
202 3004 342 3061 lnfravers.
350 3008 408 3075 517,
421 3008 559 3073 demergere
566 3013 654 3061 orbem.
701 3000 805 3057 fiducie
818 3001 914 3057 Numa
923 3006 1076 3070 convenire,
1084 3016 1115 3058 ut
1124 3002 1211 3068 oculos

148 3088 234 3141 -Pro
241 3089 353 3153 etgrarr's
360 3083 451 3136 Heius.
461 3082 558 3148 mallet,
565 3105 656 3153 engra-
704 3081 818 3136 intentos
827 3081 854 3134 in
861 3083 952 3135 caelum
961 3093 1059 3150 teneat,
1069 3095 1096 3137 et
1105 3081 1208 3147 deiude,

149 3174 187 3218 eis
201 3177 228 3219 et
242 3184 303 3218 mox
314 3184 344 3218 eu
354 3163 436 3217 altero
449 3165 569 3219 puteano
579 3170 658 3233 vergit
704 3160 757 3212 viso
771 3160 861 3225 ancili,
874 3160 946 3212 tollat
958 3180 1052 3214 manus
1063 3159 1096 3213 ad
1105 3160 1211 3213 caelum:

151 3245 253 3312 praelert
264 3243 337 3297 alteri
344 3245 510 3297 vemt—Stre
517 3248 592 3304 nube.
603 3261 656 3312 quo
704 3257 749 3290 seo
756 3249 923 3305 tamenpoese
933 3238 1049 3291 retineri.
1059 3239 1164 3290 Verum
1171 3235 1213 3290 illa

150 3324 288 3376 notabilius
300 3323 350 3376 hoc
361 3321 460 3375 tonitru
476 3332 559 3387 esset,
573 3341 656 3391 quum
704 3316 814 3368 lectione
823 3335 877 3368 nou
887 3328 1004 3386 opuseet,
1013 3316 1212 3380 namqueetim

149 3399 309 3453 naturalibus
320 3421 350 3452 ex
357 3401 439 3455 causis
446 3400 592 3470 profectum
601 3418 655 3453 non
705 3397 846 3446 sutnaetrere
853 3414 955 3447 sursum
966 3392 1054 3447 tollere
1066 3399 1160 3452 notat;
1171 3391 1214 3446 Si·

150 3475 322 3528 videretur.-
328 3479 376 3528 Ter
383 3482 473 3529 tonuit.
484 3478 536 3530 Vll
546 3477 657 3529 Metam.
705 3471 770 3534 lius,
785 3473 857 3537 xll,
871 3474 937 3539 640:
951 3494 964 3516 α
978 3468 1135 3525 summissas
1148 3481 1212 3524 ten·

151 3554 217 3625 619,
235 3554 340 3604 Torrilru
352 3558 486 3607 secundum
498 3564 611 3607 vocatur.
708 3571 721 3595 ν
732 3549 800 3602 dunt
816 3551 866 3603 alta
877 3550 909 3602 od
922 3546 1047 3616 Capitolia
1063 3544 1186 3614 dextras,
1197 3566 1210 3592 ¹·

190 3632 246 3698 371.
263 3632 290 3682 A
301 3636 383 3683 medr'a
397 3639 505 3699 regione,
523 3652 536 3684 a
553 3651 658 3685 summo
707 3629 751 3681 ubi
763 3630 821 3682 vide
839 3627 969 3681 Drakenb.
988 3623 1078 3694 Quid,
1096 3626 1167 3695 quod
1185 3637 1210 3680 et

152 3711 231 3776 caelo,
244 3710 288 3762 ubi
296 3728 339 3761 arx
347 3709 428 3762 Jovis.
436 3711 534 3764 Macar,
545 3722 572 3763 et
582 3712 658 3764 Vose-
707 3710 781 3761 notio
790 3709 924 3776 eefisurtr'ne
932 3704 957 3756 h.
967 3725 989 3757 v.
999 3704 1079 3769 inest,
1089 3704 1210 3775 (Livius,

153 3791 179 3844 A
188 3791 271 3842 media
281 3789 363 3838 subito
379 3790 464 3839 celum
478 3790 603 3839 discedere
614 3790 659 3838 υί-
707 3787 803 3841 xxvl
819 3825 826 3851 ‚
840 3789 885 3852 44,
902 3805 914 3829 ι
932 3781 1044 3835 subsidia
1056 3783 1181 3836 submissa
1197 3798 1212 3833 e

153 3872 258 3925 saeresl,
268 3882 345 3933 quam
353 3863 410 3915 lect.
418 3862 563 3932 elegantem
572 3864 659 3915 Hein·
709 3887 722 3910 ι»
734 3866 820 3919 castris
832 3865 863 3927 Ιι)
876 3880 933 3931 quae
942 3861 991 3914 hoc
1001 3862 1058 3914 loco
1069 3863 1136 3914 bene
1145 3879 1211 3914 ton·

152 3948 203 3999 sins
215 3943 325 4015 judicat,
342 3959 423 4011 quum
438 3944 563 3994 discedere
573 3947 659 3995 caelurn
708 3945 786 3996 venit.
799 3940 870 3994 MSS
878 3938 1000 3992 meliores
1013 3941 1057 4004 (et
1066 3937 1141 4006 llegii
1151 3955 1213 3990 nos·

154 4022 264 4075 turmula
276 4023 345 4075 sitin
359 4021 445 4074 haere
458 4017 589 4072 solemnis.
603 4019 661 4072 Pe·
709 4020 741 4071 tri
751 4017 873 4087 lhabent
887 4035 958 4077 suos,
976 4015 1118 4085 quodcum
1131 4016 1211 4070 ttius·

155 4095 662 4164 rindeest,utrumverbnmeligos.Pli·
709 4094 1027 4164 cherlichioproetulimue.
