2692 4672
223 1190 490 1301 apkudwel
511 1187 773 1267 mfirmdu
795 1187 924 1275 iniust,
954 1185 1095 1287 cpida
1119 1183 1285 1260 volu-t

223 1306 1285 1421 (unanimantauvmpmiitcttndqim'nnlh

224 1432 1286 1546 qualsutninipmgrinnpmlanilnnaennnuncntaoenslst

225 1559 484 1658 dentaernlngin
501 1552 1286 1661 possqmntiusnmmmauomrinpen

225 1710 316 1761 sacra
333 1708 471 1758 romana
485 1680 674 1781 hoeurnqnn
688 1676 840 1787 lucorum
862 1673 1007 1748 divim
1028 1673 1198 1771 originem
1215 1672 1286 1748 oele

224 1806 395 1892 basma,
410 1797 723 1903 hassaliqnandn
736 1795 880 1872 muriae
892 1792 1060 1870 elatum
1076 1795 1261 1897 promittit:

340 1989 1106 2066 nasammonas-animantum

227 2158 318 2265 quud
330 2156 505 2237 consilium
519 2175 607 2236 certe
620 2185 721 2263 quam
730 2157 881 2263 proxime
893 2157 937 2232 ad
947 2158 1057 2233 nostri
1067 2159 1229 2234 tatinum
1241 2187 1286 2234 an

228 2282 324 2361 cadit.
347 2324 387 2343 -·
407 2283 572 2375 Ovidius,
590 2283 649 2390 qui
666 2282 734 2383 jann
758 2282 801 2357 ad
822 2309 953 2358 carmen
970 2283 1074 2359 etiarn
1097 2282 1287 2360 didacticum

227 2424 367 2485 metrum
381 2404 560 2503 elegiacum
574 2403 806 2493 transtulerat,
821 2404 859 2479 in
872 2404 937 2479 hoc
946 2404 1046 2479 etiarn
1058 2433 1182 2502 genere
1194 2404 1289 2502 magis

227 2528 321 2633 spico
333 2526 435 2626 elegis
448 2526 514 2605 sibi
525 2525 786 2605 familiarissimis
801 2524 1162 2627 simplicissimagnam
1175 2547 1291 2631 partun

229 2650 373 2729 orationi
388 2650 500 2753 aptius
516 2648 595 2727 visis
611 2650 661 2724 uti
679 2646 860 2737 maluerat,
884 2648 969 2724 lorte
992 2649 1029 2725 in
1048 2648 1113 2726 hac
1131 2652 1230 2726 etiam
1245 2678 1291 2736 rs,

218 2747 291 2853 'uisi
309 2772 563 2865 Callimachum,
581 2772 622 2848 de
639 2775 734 2874 cnjus
750 2790 855 2847 metro
874 2772 1065 2862 dubitatur,
1085 2792 1195 2849 umen
1212 2775 1293 2849 Pro·

229 2896 372 3000 partium
390 2896 586 2998 respiciens,
605 2896 663 2997 qni
681 2912 715 2969 et
730 2912 825 2970 antea
840 2893 953 2999 plurus
969 2895 1112 2971 hernica
1127 2898 1295 2970 llnnrann·

230 3046 302 3095 rum
320 3015 425 3091 utatis
442 3043 492 3091 res
510 3033 618 3112 gestas
634 3013 736 3113 elegis
753 3034 948 3107 exornarat,
968 3036 1001 3092 et
1018 3018 1053 3091 in
1069 3018 1133 3092 hnc
1150 3020 1293 3095 carmine

231 3136 320 3243 quud
337 3137 520 3241 promittit,
537 3153 578 3211 nt
593 3137 664 3238 ejus
681 3137 896 3228 rachisum,
914 3137 1048 3215 mollem
1063 3139 1149 3214 vatis
1165 3138 1292 3237 elegiaci

230 3259 383 3338 hederam
407 3261 543 3335 hirsuta
571 3258 671 3333 Ennii
695 3257 789 3335 laurn
817 3287 852 3335 se
878 3259 1093 3360 praelaturum
1121 3261 1292 3364 profitetur

231 3383 316 3487 (tt,
336 3400 366 3472 t,
387 3380 467 3484 57).
490 3384 635 3457 Tantum
654 3381 682 3456 si
700 3411 752 3457 res
768 3382 905 3482 majores
922 3384 1076 3459 canenda
1095 3402 1188 3471 sunt,
1207 3384 1291 3460 Ovi·

231 3502 306 3581 diua
323 3506 550 3583 excusationes
569 3507 609 3582 de
635 3507 786 3582 carminis
809 3507 966 3584 tenuitate
988 3525 1021 3585 at
1039 3510 1138 3587 metri
1162 3508 1292 3607 elegiaci

233 3654 294 3705 utu
312 3627 346 3701 in
363 3629 680 3704 carmine·historirn
697 3629 806 3704 minus
824 3630 982 3721 solemni,
995 3649 1170 3737 pontinum
1185 3660 1291 3719 more,

232 3749 379 3828 mrulrsle
402 3751 444 3825 ab
469 3750 590 3847 ingenii
616 3750 650 3824 in
677 3753 775 3827 tantis
796 3751 923 3828 defectu
947 3771 980 3828 et
1004 3754 1123 3831 innato
1149 3755 1290 3858 quodam

233 3903 343 3952 nnnorc
359 3870 439 3949 luris
456 3871 556 3972 hujus
573 3875 700 3969 generis
716 3875 809 3976 petit.
833 3875 951 3951 Statim
968 3875 1009 3951 nb
1028 3876 1128 3955 initio
1146 3876 1224 3951 libri
1243 3903 1291 3950 se-

233 3997 345 4090 cundi,
364 3999 399 4073 in
415 4025 484 4103 qno
500 3996 642 4093 Augusti
660 3997 793 4100 quidam
809 3998 898 4074 tituli
916 3997 1105 4077 celebrandi
1119 4019 1215 4092 sunt,
1233 4000 1288 4074 lae
