2692 4672
172 352 241 420 5ιο
556 346 848 416 EXCURSUS
944 350 949 359 '

169 484 274 564 larem
290 485 462 588 ponimns,
480 481 520 558 de
535 483 699 559 mensium
712 510 851 559 numero
864 500 899 558 et
911 482 1040 558 ratione
1054 481 1237 562 difficultas

171 604 286 679 oritur.

216 724 260 795 11.
278 721 382 792 Fuere
396 718 462 817 jam
478 718 565 791 inter
580 735 722 806 veteres,
738 717 797 818 qui
816 744 943 791 omna
956 715 1041 790 banc
1060 715 1102 792 de
1122 718 1236 794 decem

167 837 337 917 mensibus
359 835 479 912 famam
502 851 682 931 negarent,
700 852 734 908 et
752 835 889 910 nonnisi
908 862 947 909 ex
969 836 1235 937 antiquariorum

169 953 483 1056 conjectationibus,
511 950 602 1053 quod
623 950 804 1048 Quinctilis
832 969 867 1026 et
896 949 1027 1025 Sextilis
1055 981 1074 1026 a
1096 980 1235 1027 numero

94 1085 100 1099 “
169 1071 249 1146 dicti
266 1089 395 1158 essent,
420 1086 526 1143 ortam
545 1094 616 1142 esse
634 1067 826 1142 scriberent.
841 1070 891 1141 lta
907 1067 1056 1141 Licinius
1071 1070 1187 1144 Macer
1200 1088 1235 1144 et

167 1185 351 1262 Fenestella
365 1183 455 1285 apud
471 1184 567 1256 Cens.
581 1239 592 1271 ,
605 1199 666 1258 ete
679 1200 799 1256 recent.
816 1180 934 1278 Scalig.
950 1182 1075 1257 emend.
1091 1201 1230 1285 tempor.

172 1304 229 1393 ll,
248 1332 281 1404 p.
307 1327 393 1402 172,
412 1297 558 1400 ejusdem
566 1298 734 1373 sententia
745 1326 779 1373 se
793 1316 971 1401 patronum
982 1297 1111 1373 obtulit
1129 1302 1234 1372 Eam-

171 1418 245 1493 dem
262 1418 328 1491 fere
349 1414 450 1517 paulo
469 1433 576 1488 tamen
599 1413 803 1488 immutatam
828 1413 1038 1516 amplectitur
1061 1413 1227 1490 Plutarch.

174 1537 329 1633 (Numa,
345 1534 481 1619 XVIII,
500 1537 529 1626 §.
552 1559 566 1604 1
584 1549 618 1605 et
632 1533 694 1630 2),
712 1530 885 1605 duodecim
900 1561 1027 1608 menses
1052 1533 1232 1635 accipiens,

172 1678 316 1751 quorum
328 1647 473 1748 primum
490 1645 600 1719 locum
616 1645 779 1734 Martius,
803 1646 1012 1722 undecimum
1028 1667 1063 1723 et
1076 1649 1236 1725 duodeci-

169 1794 261 1840 mum
269 1763 448 1837 Ianuarius
457 1778 490 1833 et
499 1760 697 1837 Februarius
709 1781 907 1864 occuparent
917 1793 926 1851 ;
937 1763 984 1838 ita
997 1783 1107 1841 tamen
1120 1768 1234 1869 quoad

172 1883 299 1958 dierum
314 1879 463 1954 ordinem
480 1878 676 1980 dispositos,
694 1895 734 1954 nt
747 1878 813 1952 sibi
829 1878 970 1979 impares
985 1879 1069 1956 alius
1086 1910 1131 1955 ne
1147 1884 1234 1957 rice-

171 2029 234 2075 uus
251 1998 403 2100 quidem,
421 1994 504 2070 alius
523 1993 606 2069 ultra
626 1994 761 2091 triginta
777 2013 921 2096 quatuor
936 1996 1006 2073 dies
1021 1997 1182 2088 baberet;
1200 2002 1233 2074 in

172 2142 241 2216 quo
260 2111 376 2186 ordine
397 2111 463 2184 buc
479 2137 582 2183 unum
597 2127 817 2211 spectaretur,
838 2129 878 2185 ut
892 2140 999 2186 annus
1016 2111 1089 2187 360
1105 2114 1234 2190 dierum

170 2231 333 2304 existeret.
357 2269 396 2283 -
416 2226 484 2302 Sed
506 2227 568 2300 bac
584 2226 682 2300 etiam
698 2227 826 2301 ratione
844 2245 999 2303 constans
1022 2228 1160 2332 reliquae
1175 2261 1235 2307 an-

172 2344 338 2446 tiquitatis
354 2346 439 2420 lama
455 2342 653 2442 negligitur,
672 2361 705 2417 et
729 2343 789 2417 viae
811 2343 991 2445 querenda
1016 2365 1129 2434 erant,
1150 2377 1235 2450 qno-

171 2460 275 2536 modo
285 2460 396 2535 decem
405 2488 532 2536 menses
545 2460 579 2533 in
591 2488 680 2534 annu
692 2458 791 2561 pleno
805 2458 904 2534 solari
919 2460 1072 2560 explicari
1085 2482 1233 2562 possent.

221 2577 283 2649 lll-
303 2577 336 2648 A
353 2573 531 2648 Plutarcho
549 2574 651 2669 igitur
668 2573 786 2647 ductus
808 2574 960 2649 Petavius
977 2602 1100 2649 annum
1117 2577 1238 2677 accipit

172 2690 344 2768 mensibus
357 2690 540 2791 imparibus
557 2691 766 2777 distinctum,
786 2689 843 2765 sed
857 2691 968 2767 decem
986 2695 1235 2779 tantummodo,

171 2811 218 2884 ita
235 2825 270 2884 ut
286 2808 377 2884 modo
394 2810 560 2910 longiores,
592 2807 681 2882 modo
702 2808 869 2895 bovum,
892 2827 1000 2883 tamen
1014 2809 1139 2909 justum
1154 2813 1232 2883 anni

174 2926 317 3028 spatium
332 2925 522 3027 implerent3
536 2943 569 2998 et
579 2925 647 2999 sere
657 2922 806 3001 similiter
815 2924 921 3001 Illust.
934 2927 1084 3005 Bredow.
1100 2926 1160 3000 loc.
1172 2928 1230 3001 cit.

174 3040 275 3119 sentit
282 3067 456 3114 nnmerum
469 3038 610 3129 denum,
631 3060 786 3142 tanquam
799 3043 959 3118 Romanis
972 3061 1006 3117 et
1017 3041 1094 3118 alibi
1111 3041 1234 3117 solem-

174 3186 269 3248 nem,
285 3158 328 3233 ad
349 3157 435 3231 banc
457 3157 537 3231 anni
564 3157 760 3233 divisionem
777 3160 939 3235 indecem
956 3179 1084 3260 partes,
1109 3191 1129 3236 a
1149 3161 1234 3236 luna

175 3293 269 3348 motu
286 3276 407 3349 alienas
416 3331 426 3364 ,
435 3274 561 3375 sedsere
571 3303 730 3378 suppares,
743 3276 1018 3351 adbibitumesse.
1033 3279 1164 3355 Laudat
1176 3281 1234 3351 Vir

177 3388 228 3468 (ΙΙ.
244 3387 326 3465 alios
339 3390 436 3466 etiam
448 3389 594 3497 populos
608 3392 744 3493 (confer
760 3393 855 3466 etiam
872 3395 1010 3469 Putean.
1030 3396 1071 3469 de
1086 3398 1232 3472 bissexto

178 3503 282 3578 Graec.
301 3507 400 3583 Thes.
418 3508 524 3596 Vlll,
548 3507 664 3609 457),
684 3510 742 3609 qui
765 3536 886 3582 annum
910 3509 1046 3584 solarem
1070 3514 1104 3587 in
1125 3532 1234 3616 partes

177 3620 280 3696 modo
296 3620 426 3723 plures,
444 3624 545 3698 modo
561 3624 746 3725 panciores,
764 3624 865 3700 libere
877 3645 1014 3701 tamena
1031 3626 1119 3705 lnnae
1135 3660 1232 3705 cursu

180 3738 371 3813 distinctum
387 3738 566 3830 baberent,
585 3770 614 3813 v.
640 3769 666 3812 c.
685 3741 892 3832 Mexicanos,
912 3744 969 3846 qui
989 3772 1111 3819 annum
1129 3748 1165 3820 in
1192 3746 1233 3818 18

181 3855 348 3955 parturita
362 3852 558 3943 eli-riserant,
575 3874 613 3932 ut
625 3858 746 3958 quavis
760 3886 836 3959 pars
849 3884 896 3932 20
912 3860 982 3935 dies
994 3861 1146 3955 baberet,
1165 3862 1187 3935 5
1201 3862 1234 3935 in

181 3987 252 4045 toto
268 4000 354 4072 auno
372 3990 596 4073 superessent,
612 3991 645 4047 et
659 3974 762 4048 Indos
778 3973 897 4073 (Curt.
913 3976 1010 4063 Vlll,
1027 3976 1093 4076 9),
1112 3977 1170 4078 qui
1188 3977 1232 4070 al,

181 4084 256 4159 anni
265 4082 375 4187 partes
382 4088 549 4166 habebant
559 4120 568 4165 :
579 4089 701 4193 quibus
709 4089 827 4166 addere
839 4090 939 4181 liceat¹
948 4093 1232 4175 Kanelatkmos.
