2692 4672
216 249 257 314 32
499 249 538 311 P.
569 245 745 314 OVlDll
774 244 1001 315 NASONIS

217 383 365 485 Accipe,
382 383 526 483 quesite
543 413 616 486 qua
633 411 728 459 causa
743 384 788 457 sit
803 383 904 459 altera
919 383 1052 472 sormae3
1233 408 1278 462 ut

268 502 364 573 Hane
380 496 479 595 simul
493 517 531 572 ut
548 500 656 588 noris,
674 499 884 601 officiumque
902 530 1020 574 meum.

221 615 397 715 Quidquid
414 616 539 717 ubique
557 615 664 703 vides,
683 614 816 703 caelum,
835 644 939 703 mare,
957 614 1088 705 nubila,
1105 635 1231 709 terras3

269 731 392 804 Omnia
411 747 489 803 sunt
505 747 617 803 nostra
633 729 742 804 clausa
757 747 936 832 patentque
952 761 1061 805 mauu.
1092 827 1094 833 Ι

219 847 277 918 Mc
293 872 394 945 penes
413 863 463 919 cst
479 874 581 919 unum
597 847 681 919 vasti
697 845 846 919 custodia
863 847 998 920 mundi:

267 966 313 1037 Et
326 955 381 1062 jus
400 963 547 1038 vertendi
565 962 706 1036 cardinis
724 991 822 1035 omne
838 991 945 1036 mcum
961 981 1022 1037 est.
1237 1003 1290 1042 rao

221 1081 334 1179 Quum
354 1079 455 1153 libuit
471 1080 589 1153 Pacem
606 1077 745 1178 placidis
763 1077 911 1179 emittere
927 1080 1035 1167 tectis3

266 1196 385 1269 Libera
401 1211 579 1297 perpetuas
595 1191 742 1266 ambulat
760 1191 815 1266 illa
833 1193 911 1267 vias.

219 1311 384 1407 Sanguine
400 1307 529 1380 letifero
548 1323 639 1379 totus
654 1307 847 1381 miscebitur
862 1310 974 1398 orbis,

264 1426 310 1498 Ni
327 1439 459 1496 teneant
476 1420 589 1516 rigidae
608 1422 739 1497 condita
758 1422 844 1497 bella
861 1453 950 1499 serae.

218 1538 383 1615 Praesideo
401 1535 532 1609 foribus
550 1534 619 1609 caeli
636 1564 709 1610 curn
726 1537 863 1614 mitibus
882 1541 1005 1614 Horis:
1235 1563 1283 1615 ηε

253 1740 307 1790 ιι5.
329 1736 370 1789 ΑΙ)
384 1736 470 1805 officio
486 1736 590 1790 initium
606 1737 681 1803 lacit,
700 1749 726 1792 et
773 1736 851 1792 illam.
865 1737 942 1807 Apud
958 1735 1116 1802 Horatium,
1130 1735 1175 1802 ll,
1191 1735 1241 1807 Ep.
1256 1756 1281 1805 1,

218 1812 375 1865 indeavers.
385 1812 545 1878 34,alteram
553 1832 656 1866 causam
664 1815 726 1867 sub·
774 1817 840 1878 255,
860 1813 912 1883 ipse
930 1812 1020 1866 clausis
1038 1812 1144 1880 januis,
1165 1823 1195 1866 ut
1213 1816 1281 1884 pacis

218 1892 279 1961 jicib
289 1918 322 1930 -
333 1891 417 1944 danus
434 1891 554 1945 omnium
565 1893 724 1960 januarum,
773 1903 864 1945 auctor
876 1902 902 1945 et
914 1903 999 1945 custos
1011 1931 1018 1958 ,
1037 1892 1182 1945 cohibetur.
1201 1892 1279 1961 Apud

220 1980 274 2021 tam
286 1988 332 2038 per
342 1970 433 2022 orbem
446 1979 593 2036 terrarum,
607 1989 686 2039 quam
698 1971 725 2022 in
773 1969 912 2040 Virgilium
924 2011 931 2036 ,
941 1968 1003 2023 AEn.
1012 1970 1066 2024 Vll
1075 2009 1082 2035 ,
1090 1970 1137 2040 607
1147 1988 1192 2039 seq
1202 2010 1208 2037 ,
1218 1971 1281 2025 Bel-

219 2049 296 2115 caelo,
310 2069 402 2119 preses
413 2050 525 2121 claviger
535 2061 561 2102 et
572 2049 725 2102 eustoch·
771 2045 827 2099 lum
840 2058 866 2100 et
879 2048 954 2100 Mors
966 2048 1051 2100 vincta
1065 2057 1206 2112 tenentur,
1220 2066 1279 2101 cus·

218 2144 278 2177 nuae
289 2144 368 2196 opera
379 2127 498 2195 janitoris
511 2125 551 2178 vel
565 2136 672 2195 patent,
685 2125 726 2178 vel
773 2121 833 2177 tode
851 2124 878 2175 in
896 2123 994 2176 foribus
1010 2123 1087 2174 Jano.
1106 2123 1160 2175 Pro
1173 2130 1282 2177 emittere

218 2204 309 2257 clauste
320 2215 454 2259 tenentur.
471 2205 543 2257 Hinc
555 2204 641 2258 omnis
654 2205 726 2257 locus
772 2205 845 2251 lectis
862 2200 972 2252 Heinsio
987 2199 1103 2269 placebat
1121 2220 1151 2251 ex
1172 2202 1280 2255 Hercul.

217 2280 634 2351 sequenspendet.Aquibusdam
641 2281 725 2333 Janus
772 2276 859 2330 codice
871 2282 1000 2331 immittere
1006 2283 1084 2332 rebus.
1100 2278 1178 2331 Unus
1191 2280 1279 2334 Patav.

219 2361 265 2414 Sol
280 2360 446 2423 habebatur,
468 2368 495 2410 et
512 2356 571 2409 ideo
585 2357 724 2426 geminus,
772 2357 1281 2424 inuitamenta-PerpetuasNems-

217 2439 290 2508 quasi
305 2436 440 2506 utriusque
454 2437 539 2505 janua
552 2435 657 2489 caelestis
671 2455 725 2505 po·
773 2432 852 2486 tiores
858 2433 974 2503 plerique
977 2441 1114 2501 perlutus,
1132 2433 1203 2502 quod
1215 2433 1281 2486 mibi

218 2527 298 2580 tens,
318 2515 362 2585 qui
384 2515 503 2570 exoriens
522 2513 619 2584 aperiat
636 2513 723 2581 diem,
772 2511 863 2580 placet.
875 2511 929 2566 Sed
946 2513 1070 2566 Heinsius
1088 2520 1176 2564 tuetur
1185 2530 1280 2578 perpe-

218 2593 339 2647 oecidens
350 2591 500 2646 claudat.—
508 2593 612 2654 Nubila,
625 2610 726 2644 aera-
771 2600 842 2650 tuas.
859 2591 918 2659 quia
925 2593 1051 2643 ambulare
1063 2608 1123 2641 rum
1136 2591 1281 2651 accusativo

222 2673 320 2724 Vertere
334 2673 473 2729 cardinem,
491 2667 591 2738 aperire
609 2677 635 2720 et
648 2667 725 2721 clau·
772 2668 938 2720 construitur.
948 2665 1123 2732 -Letae'serum
1134 2670 1281 2735 saupha

218 2748 280 2802 dere
292 2750 407 2817 januam.
416 2741 569 2801 Terentian.
577 2747 688 2800 Maurus
698 2747 723 2797 in
774 2746 871 2800 Noster
889 2745 951 2797 dixit
966 2743 1043 2796 etiam
1062 2745 1139 2798 Rern.
1155 2744 1217 2807 Am.
1229 2747 1279 2814 ab,

217 2825 394 2880 Wernsdorf.
409 2826 496 2880 Poetis
510 2826 578 2880 Min.
594 2824 638 2890 H,
658 2844 723 2896 279,
772 2826 832 2894 quia
844 2822 959 2894 profusio
968 2823 1099 2892 sanguinis
1108 2832 1222 2877 mwtem
1232 2823 1281 2877 ad-

219 2924 231 2948 o
245 2902 362 2956 Stridula
377 2903 419 2955 cui
437 2903 544 2968 limina,
555 2901 597 2956 cni
608 2900 724 2954 cardinei
772 2903 1016 2963 sert-Mulcebr'tur,
1031 2901 1134 2972 utapud
1143 2899 1280 2956 historicos

218 3003 231 3026 υ
245 2979 393 3045 tumultus,
413 2979 453 3031 cui
472 2989 585 3031 reserata
602 2977 725 3047 murgiunt
764 2980 1280 3051 firmflammaquemr'sccn'ourm'adicun·

217 3075 322 3109 »aurea
335 3056 445 3109 claustra
458 3055 559 3108 mundi.
571 3076 583 3100 o
600 3055 623 3107 Α
636 3055 707 3109 Jaoo
715 3095 723 3122 ,
772 3058 1278 3127 tun-IligidaesemVirgil.AEn.Vll,

216 3133 396 3202 antiquissimo
406 3133 487 3187 ltaliae
495 3153 556 3203 rege
565 3172 573 3198 ‚
583 3132 724 3187 domorum
771 3140 837 3210 609,
847 3137 963 3206 geminas
968 3139 1033 3192 Belli
1042 3148 1129 3207 portas
1136 3159 1149 3182 «s
1159 3135 1278 3189 Centum

216 3212 314 3277 valve,
332 3230 397 3265 sero
415 3221 441 3264 et
459 3213 541 3265 clares
559 3213 723 3283 excogitate,
773 3236 787 3262 »
798 3214 858 3266 arei
873 3213 997 3270 claudunt
1014 3226 1114 3280 vertes,
1128 3226 1279 3284 eternaque

216 3288 355 3359 januasque
377 3290 451 3345 dicta
470 3309 524 3344 esse
543 3291 724 3344 credebantur.
773 3313 787 3337 ν
798 3289 862 3343 ferri
882 3292 986 3345 Robora
1001 3314 1007 3346 ε
1020 3312 1070 3346 nec
1083 3302 1168 3345 custos
1180 3293 1280 3346 absistit

219 3367 339 3438 Exempli
350 3388 426 3422 causa
437 3387 452 3421 e
466 3368 631 3423 terrestribus
642 3370 724 3423 Poeta
773 3391 786 3416 n
799 3369 888 3424 limine
901 3373 993 3425 Janus.
1003 3394 1017 3420 »

218 3454 363 3511 memorat,
372 3463 431 3514 quae
438 3445 563 3498 Romaein
573 3445 725 3512 primieme-
808 3454 860 3504 125.
867 3449 907 3502 De
915 3448 955 3501 bis
961 3447 1189 3509 HorisHomerus,
1200 3443 1278 3512 HE,

217 3523 372 3588 morabiles,
391 3524 482 3592 januas
493 3526 588 3584 Pacis,
606 3523 723 3578 videlicet
773 3530 829 3599 749,
840 3528 882 3580 ubi
892 3528 924 3581 de
932 3525 1073 3596 portiscoeli
1083 3527 1124 3582 :als
1132 3530 1184 3590 ἴχεν
1193 3513 1277 3600 ἅμα,

217 3600 308 3669 templi
318 3601 388 3653 Jano
399 3600 491 3667 dicati,
503 3600 573 3669 quod
582 3602 668 3654 Numa
681 3603 724 3655 in·
771 3608 1052 3682 rjrlerer'rpeeroerplpas
1061 3604 1277 3675 οὖμὲνὸςνῦλυμεὸσ·

219 3677 305 3730 dicem
314 3677 373 3731 belli
381 3679 482 3747 elpaels
493 3697 546 3731 esse
558 3677 683 3731 voluerat.
692 3678 721 3734 ld
771 3708 804 3749 rt,
820 3692 879 3751 Ημίν
892 3685 1008 3736 &unibat
1016 3685 1181 3749 evzwivuipec,
1190 3681 1276 3745 infier-

216 3767 301 3825 poeto
318 3756 387 3809 varie
406 3767 574 3810 exornarunt
589 3756 649 3810 Hoc
666 3757 723 3812 loco
772 3771 859 3826 οιίναι,
870 3783 884 3805 α
895 3761 988 3828 quibus
995 3759 1162 3813 commissum
1171 3773 1210 3816 est
1217 3780 1276 3814 ma-

216 3835 301 3888 Januo
309 3834 407 3904 templo
414 3854 461 3888 suo
469 3835 563 3888 Pacem
573 3845 599 3889 et
608 3836 722 3904 Bellum,
772 3860 785 3885 u
800 3857 880 3908 gnum
892 3837 999 3903 celum,
1013 3840 1277 3909 utetaperiantden·

217 3919 350 3979 umquam
361 3929 498 3979 personae,
508 3921 581 3964 tenet
587 3912 684 3979 clausa,
695 3923 723 3967 et
773 3934 786 3958 ν
798 3932 853 3966 sam
864 3914 960 3975 nubem
970 3916 1131 3972 etclaudant.
1140 3918 1274 3987 »Nempe‚

217 4005 267 4054 pro
276 3989 382 4042 arbitrio
393 3988 723 4056 anathematismum
770 3992 898 4060 probante
915 3993 1039 4066 Heynio,
1056 3997 1148 4052 efficta
1164 4005 1227 4051 sunt
1244 4015 1275 4050 ex
1324 4022 1329 4031 ·
