2692 4672
379 829 591 935 LIBRI
633 831 974 940 SECUNDI.

477 1066 872 1136 ARGUMENTUM.

182 1309 313 1373 Pmlatio
329 1320 359 1368 et
375 1306 533 1380 dedicatio,
555 1305 638 1370 1-18.
659 1310 704 1370 De
719 1308 837 1370 Februis
850 1351 859 1383 ,
872 1308 949 1371 unde
967 1309 1071 1370 mensis
1088 1309 1199 1385 dictus,

121 1395 123 1400 ¹
144 1407 247 1495 19-34.
261 1410 307 1467 De
320 1406 352 1499 ei
366 1405 564 1489 purgaminum
584 1405 672 1489 vulgo
695 1406 817 1480 eredita,
834 1404 941 1482 35-46.
965 1410 1009 1469 De
1026 1408 1126 1471 ordine
1149 1412 1202 1470 Fc-

141 1505 245 1566 hruaeii
261 1504 379 1585 antiquo
396 1517 426 1566 et
440 1501 511 1564 facta
525 1504 701 1578 mutatione,
727 1504 836 1588 47-54.
862 1506 1050 1568 Kalendarum
1069 1506 1201 1568 Februar.

142 1600 352 1673 memorabilia,
376 1600 501 1663 Junonis
519 1599 642 1681 Sospitae
657 1603 795 1682 templum
817 1602 995 1677 dedicatum
1017 1605 1111 1666 laudes
1132 1605 1202 1668 Cae-

138 1701 227 1769 saris;
246 1697 391 1759 celebritas
402 1697 432 1756 in
442 1699 509 1760 luco
522 1697 604 1782 asyli3
618 1718 693 1760 sacra
703 1699 800 1769 lovis3
816 1702 988 1782 tempestatis
996 1702 1086 1776 ratio,
1100 1701 1200 1785 5572.

141 1800 224 1880 Lyrae
242 1809 270 1857 et
286 1795 370 1856 medii
387 1794 494 1857 Leonis
511 1817 647 1870 occasus,
666 1795 768 1878 73-78.
787 1799 936 1880 Delphinis
953 1806 1069 1862 occasus
1086 1813 1116 1862 et
1135 1801 1201 1862 inde

142 1892 260 1957 Ananis
283 1891 390 1965 sabula,
409 1895 490 1974 cujus
511 1892 626 1973 delphin
651 1893 725 1955 inter
745 1894 835 1956 sidera
850 1895 960 1980 fulget,
981 1895 1107 1981 79-118.
1133 1900 1200 1958 hn-

141 2002 242 2077 goatus
259 2003 337 2072 pater
358 1991 455 2074 patriae
475 1991 577 2055 metus.
595 1990 671 2051 Hinc
687 1990 782 2052 laudes
804 1994 865 2072 ejus
891 2005 920 2053 et
943 1993 1112 2072 comparatio
1136 2017 1200 2056 cum

138 2091 283 2163 Romulo,
298 2089 438 2173 119-144.
449 2087 568 2170 Aquarii
580 2099 661 2149 ortus
670 2099 699 2148 ct
708 2088 824 2150 molhor
832 2111 913 2163 aura,
929 2088 1068 2164 145-148.
1083 2091 1200 2153 Initium

137 2186 228 2264 veris,
243 2184 389 2273 145152,
402 2186 596 2267 Arctophylax
604 2187 708 2260 oritur,
719 2188 801 2269 cujus
812 2177 902 2248 sabula
910 2198 1048 2264 narratur,
1060 2185 1201 2274 153-192.

137 2285 227 2349 Fauni
248 2295 390 2357 munseo
406 2282 558 2343 Fabiorum
573 2285 603 2343 in
623 2283 698 2347 hello
714 2285 866 2349 Valentino
881 2288 1033 2362 interitus,
1052 2289 1198 2374 193-242.

144 2387 276 2458 Corvus,
295 2378 446 2467 Anguiaet
459 2379 560 2442 Crater
569 2376 721 2456 oriuntur,
735 2407 859 2465 quorum
873 2389 956 2471 origo
972 2387 1108 2461 refertur,
1123 2387 1202 2463 243-

139 2485 207 2548 166.
230 2480 431 2564 Lupercalium
446 2478 530 2567 origo
554 2491 583 2541 et
604 2479 697 2554 ritus,
722 2483 824 2562 quihus
846 2487 978 2548 Herculis
1001 2500 1030 2549 et
1047 2487 1200 2568 Omphales

99 2564 112 2572 ”
137 2583 229 2645 fabula
245 2581 348 2642 inserta
360 2603 368 2651 ;
391 2590 453 2638 tum
464 2574 591 2657 Romuli
599 2591 629 2639 et
641 2578 724 2639 Remi
741 2584 878 2663 expositio
893 2597 979 2665 atque
999 2586 1176 2650 conservatio
1189 2631 1199 2661 ,

140 2679 286 2763 267-452.
308 2676 495 2757 Tempestatis
515 2675 721 2757 incommoda,
742 2677 890 2753 453-456,
911 2684 1058 2764 ingressus
1080 2680 1155 2745 Sohs
1168 2682 1201 2745 in

139 2778 255 2850 Pisces,
273 2788 357 2856 atque
374 2775 478 2835 horum
493 2758 598 2857 origi,
612 2760 758 2857 157471·
776 2774 930 2863 Quirinalia
951 2778 1200 2865 1111011111Ιί1ρο-

137 2877 246 2938 theosis
259 2898 267 2947 3
284 2873 389 2936 festum
405 2873 474 2933 item
489 2871 653 2934 Stultorum
667 2884 697 2935 et
710 2874 782 2935 Dese
798 2846 953 2954 rocheta,
969 2874 1116 2960 475-532.
1139 2884 1198 2943 re·

138 2974 204 3035 ralia
216 2972 250 3032 ad
263 2970 411 3053 placandos
423 2971 537 3041 Manes,
548 2963 789 3048 533-570.'Sam
798 2968 889 3044 Mulie
900 2985 948 3034 aut
959 2973 1066 3038 Tacitae
1075 2979 1195 3063 magica,

138 3069 287 3154 571-616.
309 3065 450 3140 Caristia,
475 3063 619 3149 hup-638.
642 3065 827 3138 Terminalia,
845 3068 987 3156 639-684.
1004 3075 1090 3158 Regis
1111 3075 1193 3159 luga,

138 3182 167 3230 et
183 3171 279 3251 plumes
300 3163 448 3249 Tarquinii
468 3187 536 3243 res,
556 3158 703 3228 685-852.
721 3165 888 3231 Hirundinis
908 3170 1036 3247 reditus,
1050 3169 1193 3234 853-856.

137 3266 269 3347 Equitio,
282 3263 424 3347 857-864.
