2692 4672
139 326 204 392 ³52

402 325 441 388 Ρ.
479 323 660 390 OVIDII
687 322 916 392 NASONIS

138 463 215 536 Non
231 461 315 549 sibi,
334 459 522 561 respondit,
541 459 639 534 silvas
659 461 816 548 cessisse,
834 463 893 537 sed
909 461 1052 556 hortos,

186 578 339 676 Arvaque
356 575 499 675 pugnaci
516 603 584 648 non
601 574 751 650 adeunda
766 571 850 652 lerae.

140 692 262 766 Omnia
278 690 405 764 finierat
419 721 427 765 :
441 710 555 765 tenues
573 692 706 766 secessit
723 693 759 764 in
777 720 896 765 auras:
973 786 976 798 Ι

188 808 314 882 Mansit
332 807 436 893 odor;
455 835 569 909 posses
583 807 665 881 scire
680 807 783 882 fnisse
796 807 900 882 deam.

138 924 269 1000 Floreat
284 942 322 998 nt
341 941 412 998 toto
431 951 560 997 carmen
578 925 721 997 Nasonis
737 925 772 996 iu
789 953 880 1013 evo,

189 1043 333 1143 Sparge,
351 1068 485 1141 precor,
505 1039 601 1114 donis
615 1058 747 1141 pectora
764 1058 878 1114 nostra
897 1040 974 1114 tuis.

138 1161 261 1234 Nocte:
276 1157 385 1231 minus
403 1171 519 1256 quarta
537 1174 667 1256 promet
683 1185 742 1230 sua
758 1157 865 1231 sidera
882 1158 1013 1232 Chiron

188 1273 344 1361 Semivir,
365 1290 397 1345 et
413 1272 488 1346 ssavi
504 1301 641 1374 corpore
656 1273 780 1347 mixtus
798 1273 885 1374 equi.

1152 1297 1195 1348 38⁰

139 1394 255 1468 Pelion
274 1391 451 1466 Harmoniae
468 1418 565 1464 mons
581 1407 631 1464 est
646 1390 805 1464 obversus
822 1389 856 1462 in
872 1388 1037 1477 Austros3

188 1510 322 1584 Summa
340 1510 445 1582 rirent
463 1508 565 1609 pinu,
585 1523 697 1580 catera
715 1533 856 1606 quercus
870 1504 982 1579 hahet.

138 1678 214 1726 leone.
221 1700 252 1712 -
260 1672 344 1722 &luas
352 1675 474 1730 cessisse,
489 1680 518 1722 ut
529 1671 569 1722 lV
579 1670 647 1724 Met.

695 1670 780 1724 tendit
792 1673 880 1724 Pelion
893 1671 1070 1739 umbrosum,
1091 1671 1117 1725 in
1130 1674 1196 1740 rnjns

142 1755 207 1816 532,
227 1751 353 1818 Neptuno
364 1754 483 1814 proxim
493 1753 554 1802 celo
571 1757 650 1802 cessi!
695 1749 757 1818 jugo
767 1747 856 1802 medio
867 1759 967 1802 mnes
976 1747 1074 1802 haheat
1083 1746 1179 1802 Chimo
1189 1790 1196 1814 ,

136 1839 258 1901 poteslas.
268 1856 301 1868 -
315 1825 393 1878 Flora
410 1835 494 1878 tenues
506 1832 647 1880 recessitis
687 1827 847 1894 jussisset-sus
867 1825 1089 1893 Centaurorum,
1112 1829 1156 1897 qui
1173 1839 1198 1881 et

140 1926 233 1967 astas,
252 1916 282 1958 ut
297 1906 337 1959 IX
350 1903 456 1958 AEueid,
467 1904 531 1974 657,
552 1904 647 1973 Apollo

137 1995 166 2043 sis
176 1997 273 2039 tenuem
283 2004 316 2037 ex
327 1988 407 2037 oculs's
423 1989 622 2038 transiissem
634 2001 645 2049 ,⁰

139 2076 183 2131 et,
195 2074 224 2117 ut
236 2062 344 2116 dearum
352 2081 434 2116 comes
442 2072 487 2115 aut
494 2071 578 2115 totum
587 2080 646 2117 ror-

140 2163 188 2214 pus
200 2141 317 2194 divinum
327 2140 468 2211 quemdam
479 2141 589 2194 odorem
596 2141 647 2211 spi·

140 2239 199 2275 rare
210 2219 328 2273 solebant
341 2259 348 2285 ,
361 2220 397 2273 sic
409 2219 504 2286 Flora,
521 2220 594 2288 cujus
609 2218 647 2271 lo·

141 2299 244 2369 quentis
259 2318 290 2351 ex
307 2317 353 2351 ore
369 2317 433 2352 rosor
447 2297 565 2363 exibant,
580 2316 646 2349 vers.

144 2380 197 2449 194,
204 2374 505 2429 meritollorumodorem
513 2374 645 2442 reliquisse

141 2455 257 2524 fingitur.
268 2483 302 2495 -
312 2457 414 2507 Floreat
426 2463 474 2507 etc.
489 2463 580 2521 aptum
596 2470 647 2503 vo-

140 2545 196 2587 tum
206 2575 214 2601 ,
224 2535 284 2604 quia
293 2533 398 2599 omnia,
407 2532 499 2601 quihus
508 2529 556 2583 llos
565 2529 646 2582 tribui

140 2614 218 2678 solet,
233 2613 312 2681 hujus
330 2611 387 2665 dea
402 2609 509 2685 arbitrio
531 2608 646 2674 subiecta

136 2689 647 2752 'eunte—DossaFloroesuntdelssei'sapta

139 2787 204 2821 vers.
217 2770 284 2833 3343
301 2767 413 2820 Lensius
429 2764 572 2834 juvenilem
589 2760 645 2813 flo-

140 2863 196 2895 rem
209 2855 236 2895 et
246 2844 361 2910 vigorem
374 2842 500 2909 intelligit.

179 2920 304 2990 379-414.
333 2922 360 2969 V
372 2920 517 2976 Nonarum,
536 2922 589 2967 sive
605 2917 647 2966 ds'e

139 3003 226 3056 tertiis,
242 2997 471 3046 statuarumque
480 2992 544 3060 Ejus
555 2993 645 3047 sideris

140 3074 213 3142 origo
220 3082 356 3136 narratur,
366 3079 395 3121 ut
402 3066 458 3136 hic,
467 3069 502 3122 ita
510 3080 536 3122 et
544 3070 575 3122 ab
583 3071 645 3142 Hy-

140 3153 218 3223 gino,
236 3151 334 3205 Poetis.
347 3149 454 3203 Astron.
468 3148 495 3203 ll
507 3187 514 3215 ,
529 3150 569 3201 38.
583 3148 645 3202 Fuit

141 3232 242 3285 Chiron
257 3228 408 3284 Centaurus
424 3238 542 3297 tempore
552 3226 644 3294 Argo-

140 3322 294 3375 nautarum,
310 3309 457 3376 multosque
471 3307 566 3360 artium
578 3324 644 3358 sua-

140 3409 200 3441 rum
219 3389 309 3441 hahuit
329 3384 486 3454 discipulos,
507 3383 644 3452 inquibus

142 3468 269 3530 Achillen
284 3465 408 3519 Clemens
421 3466 492 3519 Alex.
504 3465 602 3518 strom.
615 3463 641 3528 l,

140 3569 164 3616 p.
176 3546 346 3597 360.-N0c1e
357 3549 438 3596 misus
451 3551 553 3610 quarta,
565 3551 643 3593 nocte

141 3623 216 3678 tertia
229 3641 243 3673 a
255 3621 388 3675 Kalendis.
399 3650 430 3662 -
441 3622 557 3680 Semsivs'r,
572 3630 598 3671 et
616 3620 642 3673 ll

140 3701 250 3755 Metam.
258 3698 306 3750 633
314 3697 429 3762 semifer,
441 3696 499 3748 alibi
512 3696 590 3748 etiam
601 3716 643 3762 ge-

139 3785 221 3833 minas
231 3786 258 3828 et
269 3774 382 3842 br'sornus
398 3784 506 3826 vocatur
517 3773 550 3824 ob
564 3785 644 3826 natu-

140 3877 195 3912 ram
210 3855 414 3910 Centaurorum.
426 3852 512 3909 Deieo
523 3863 561 3905 est
572 3852 642 3907 locus

139 3936 255 3992 classicus
271 3944 297 3986 et
318 3931 349 3984 ad
369 3929 423 3983 haec
439 3939 527 3981 nostra
541 3930 642 3982 intelli-

140 4013 223 4082 genda
235 4009 380 4080 aptissimus
390 4004 490 4076 Orphei
502 4005 529 4057 in
543 4006 641 4076 Argon.

140 4096 187 4156 375
199 4111 253 4159 sqq.
269 4090 307 4142 lbi
321 4087 414 4142 Peleus
426 4085 584 4154 Argonautis
599 4104 642 4139 os-

695 1905 792 1959 morhis
811 1905 934 1961 sanandis
957 1926 1069 1976 operam
1092 1907 1152 1976 det,
1173 1918 1198 1961 et

693 2002 755 2036 mox
765 1982 890 2037 citharam
903 1982 996 2037 Phoehi
1009 1984 1116 2054 pulsans
1122 2025 1130 2053 ,
1141 2002 1198 2038 mos

693 2060 849 2131 phorminga
868 2060 1015 2128 Mercurii,
1034 2063 1126 2117 ricinis
1145 2065 1198 2131 jura

692 2138 800 2206 reddat,
813 2138 993 2210 Achillemque
1005 2161 1121 2210 puerum
1130 2142 1198 2195 edu·

693 2214 806 2271 candum
818 2218 953 2286 acceperit.
964 2219 1015 2271 llis
1026 2217 1103 2274 dictis
1114 2221 1199 2291 ingre-

693 2294 802 2347 diuntur
814 2305 927 2348 antrum.
946 2295 986 2347 lhi
1000 2314 1084 2366 prope
1104 2295 1199 2350 Chiro·

692 2381 788 2425 uastat
801 2370 913 2424 Achilles
924 2373 1100 2443 manibusque
1119 2374 1198 2446 lym

694 2451 785 2520 tangit.
802 2450 843 2503 De
861 2449 908 2503 hac
926 2451 1033 2504 Achillis
1047 2451 1198 2505 educatione

694 2529 752 2581 vide
767 2529 847 2582 etiam
860 2529 1051 2598 Apollonium,
1070 2531 1123 2596 lV,
1136 2532 1199 2593 ⁸¹²3

693 2606 839 2660 Pindarum
856 2606 889 2659 N,
908 2607 948 2660 lll
962 2645 970 2672 ,
991 2610 1022 2677 75
1037 2627 1104 2678 sqq;
1121 2619 1147 2660 et
1165 2606 1197 2660 de

692 2693 765 2736 antro
775 2682 899 2736 Chironis
907 2683 933 2734 in
942 2685 1016 2736 Pelso
1024 2695 1130 2749 monte,
1141 2681 1200 2737 Cal·

693 2760 849 2825 limachum,
858 2759 950 2831 hymn.
959 2760 1019 2814 Del.
1030 2764 1213 2828 roh-elme·

692 2842 754 2889 treas
767 2839 823 2904 ejus
835 2835 946 2890 Ovidius
958 2836 1009 2892 hoc
1022 2837 1083 2891 loro
1095 2839 1134 2892 his
1145 2838 1203 2893 lau·

693 2912 754 2978 dat,
771 2933 846 2967 rerss.
862 2914 910 2980 384
928 2924 954 2966 et
968 2915 1025 2980 413.
1044 2917 1106 2969 Nou
1120 2916 1202 2986 igit:

693 3000 748 3042 erat
763 3009 810 3043 cur
825 2990 949 3044 Heinsius
962 3003 990 3045 et
1004 3011 1070 3047 vers.
1080 2992 1143 3066 379,
1155 2999 1202 3047 ιι·-

691 3069 1199 3141 ssesinps'usmutarivellet,qnauqtram

694 3144 793 3199 Chiron
802 3146 870 3215 apud
880 3147 999 3219 Euripid.
1007 3150 1125 3221 iphigeu.
1135 3152 1197 3205 eut.

691 3222 741 3295 qsh
749 3262 756 3288 ,
765 3223 796 3275 ah
804 3224 859 3293 ipso
867 3226 967 3281 Achttte
976 3231 1129 3290 iussissem
1138 3232 1197 3308 &etp

691 3311 805 3367 vocatur,
816 3314 894 3372 atque
906 3305 974 3375 apud
985 3306 1122 3378 Hyginum
1134 3307 1196 3363 dict

691 3377 761 3430 loeo:
770 3402 782 3424 a
795 3381 855 3433 Non
868 3383 948 3435 modo
957 3395 1064 3438 ceteros
1075 3384 1197 3440 Centau-

692 3480 706 3503 »
718 3476 776 3524 ros,
788 3460 834 3514 sed
848 3463 969 3517 homines
982 3483 1084 3534 quoqne
1097 3467 1197 3534 justitia

692 3558 705 3583 »ι
717 3556 865 3606 superasse,
884 3552 941 3594 tum
957 3543 1051 3611 pietate
1066 3564 1114 3598 sua
1127 3545 1193 3600 elle-

693 3637 705 3660 »
717 3617 779 3671 cisse
789 3630 818 3671 ut
830 3619 1192 3678 interastranurneraretur.·

690 3723 723 3735 -
731 3696 904 3750 Proobsersns
912 3697 1120 3758 Samarianuset
1128 3722 1192 3757 unus

691 3774 938 3834 lleinsiicoaesersas,
947 3797 1133 3835 unuserersas.
1141 3780 1192 3835 set

689 3856 806 3905 obversus
816 3854 882 3906 hene
894 3874 922 3907 se
933 3855 1026 3921 hahet3
1043 3859 1113 3914 Xlll
1129 3861 1191 3913 Mes.

692 3937 754 3996 725,
772 3934 875 3983 obuersa
885 3935 1020 4004 Pachynos
1030 3940 1070 3989 ad
1077 3940 1191 3992 Asstm.

689 4010 793 4063 —Tnm
805 4009 917 4065 Heinsio
930 4032 960 4067 ex
973 4033 1028 4068 nno
1041 4035 1091 4069 suo
1102 4029 1129 4071 et
1140 4034 1192 4071 uno

690 4086 812 4142 Mediceo
825 4094 889 4142 orie!
900 4091 996 4161 placet,
1017 4105 1047 4146 ut
1061 4096 1096 4147 sit
1107 4097 1193 4163 μή·
