2692 4672
410 341 463 411 ut
487 343 674 412 ovrnrr
697 344 924 416 naseos.
1128 352 1192 446 467

134 477 223 555 dere
232 498 412 580 premonet
423 481 500 581 (ll,
517 480 656 583 dsqq)‚
669 501 701 557 et
715 510 817 586 quum
829 486 1003 562 Octaviani
1018 516 1196 586 cognomen

134 602 246 677 Patris
261 603 379 677 Patriae
396 605 578 678 mmudmn
594 622 660 692 est,

225 821 227 824 >
252 790 327 860 Quid
341 792 410 846 volui
423 792 546 859 demens,
559 793 691 864 (clamat)
703 795 782 866 elegis
793 797 930 868 imponere
943 807 1047 854 tanturn

301 882 449 950 Pendet-is,
461 882 535 936 heroi
546 904 588 938 ree
601 896 658 939 erat
669 887 717 940 ista
731 887 811 957 pedis.

141 1095 1208 1134 Q

431 1275 790 1372 EXCURSUS
831 1283 901 1367 11.

159 1507 202 1552 D!
223 1504 412 1565 Cononis,
432 1503 508 1559 ΟΜ
528 1507 569 1550 ΔΙ)
590 1505 695 1552 ovtnu
715 1506 1035 1555 tmrntrartottttt
1052 1510 1072 1556 B
1088 1511 1185 1556 Novis

350 1619 539 1676 Quinum!
561 1620 721 1667 Pusillus
740 1621 991 1670 nenvunntutt't'.

141 1818 338 1924 Prnrra
361 1872 558 1942 magnorum
579 1845 725 1920 virorum
749 1874 861 1936 curas,
884 1848 1008 1950 quibus
1025 1849 1135 1925 multe
1153 1878 1206 1925 res

140 1974 208 2047 huc
224 1970 425 2073 pertinentes
442 1968 571 2066 egregie
587 1958 759 2043 illustratae
776 1986 877 2057 sunt,
898 1968 997 2045 aliam
1013 1970 1109 2046 fastis
1127 2000 1206 2046 con·

142 2095 254 2191 tigisse
276 2094 467 2181 somenam,
493 2119 534 2166 ex
555 2090 741 2165 accessione
764 2118 926 2165 novenum
953 2093 1207 2194 presidiomm,

142 2217 223 2320 quin
239 2216 274 2291 h.
292 2215 315 2289 l.
335 2216 447 2291 statim
461 2214 639 2311 attingam,
661 2240 681 2288 a
702 2240 755 2289 me
771 2241 841 2287 non
860 2213 1036 2315 impetrare
1056 2243 1204 2317 possum.

140 2340 222 2435 Quo
243 2338 330 2411 enim
352 2339 419 2436 jam
440 2336 566 2410 diutins
590 2336 709 2410 harum
732 2334 900 2425 literarum
923 2335 1067 2412 cultores
1088 2339 1206 2413 merito

141 2487 274 2534 ornnem
291 2460 475 2560 abjecerant
492 2488 603 2562 spem,
620 2460 713 2548 fore,
734 2478 773 2534 ut
789 2460 912 2562 passim
929 2460 1047 2534 rudera
1063 2461 1207 2557 ingentis

140 2581 232 2657 illius
248 2608 357 2656 rerum
372 2583 581 2683 antiquarum
597 2583 760 2679 naufragii
774 2583 811 2656 in
825 2580 932 2656 lucem
947 2593 1153 2672 revocentur,
1166 2613 1207 2659 eo

141 2735 219 2782 sane
231 2703 409 2805 jucundius
427 2703 565 2792 accidit,
582 2702 746 2807 ei'praetei
761 2732 890 2781 omnem
908 2732 999 2807 spem
1019 2722 1054 2780 et
1074 2706 1207 2808 opinio·

140 2857 217 2904 nem
232 2825 284 2902 vel
300 2826 380 2901 totis
402 2825 529 2916 literis,
553 2823 604 2900 vel
620 2828 832 2930 potissimum
845 2826 1003 2929 peculiari
1019 2826 1120 2903 alicui
1136 2858 1206 2905 ma·

142 2953 249 3041 teria,
271 2952 309 3024 iu
334 2979 399 3052 qua
420 2946 642 3036 elaboramus,
662 2977 701 3024 ex
716 2949 982 3053 quibuscumque
999 2951 1206 3053 antiquitatis

141 3067 332 3169 fragmentis
349 3072 418 3148 alto
436 3071 503 3147 situ
522 3069 653 3145 obrutis
668 3100 787 3147 novam
806 3074 888 3148 oriri
905 3073 1013 3149 lucem
1035 3074 1205 3147 videmus:

140 3197 232 3272 unde
255 3197 350 3271 novis
372 3193 571 3272 testimoniis
589 3193 732 3294 scriptor
748 3193 948 3282 illustretur,
973 3193 1204 3282 confirmetur;

142 3316 376 3422 explicationes
392 3318 462 3416 ejus
479 3315 588 3390 dubie
605 3313 657 3388 vel
673 3315 866 3392 adserantur
881 3315 932 3389 vel
955 3331 1146 3404 mutentur;
1173 3334 1206 3390 et

143 3441 238 3544 quod
251 3438 547 3515 fructuosissimum
561 3456 639 3514 sane
654 3454 687 3512 et
697 3437 1002 3541 praestantissimum
1015 3454 1082 3528 est,
1098 3437 1205 3541 ipsius

143 3583 254 3641 textus
269 3565 335 3638 huc
350 3561 429 3635 illuc
443 3561 666 3635 constituendi
678 3589 763 3635 nova
777 3558 925 3662 quaedam
937 3560 1023 3633 ratio
1035 3559 1201 3662 adpareat.

144 3690 225 3762 ilaec
247 3703 355 3760 autem
378 3686 414 3758 in
433 3700 584 3757 nostrum
608 3682 801 3783 scriptorem
824 3681 1007 3786 redundare
1033 3683 1206 3757 commoda

144 3808 287 3884 inventis
296 3807 444 3882 antelios
458 3804 575 3900 viginti
587 3821 713 3905 septem
724 3833 830 3879 anuos
842 3801 1002 3879 fastorum
1018 3831 1204 3891 sacrorum,

147 3959 232 4033 quos
247 3930 384 4005 Verrius
399 3929 666 4014 concinnaverat,
691 3925 881 4021 fragmentis
898 3925 1046 4026 quamvis
1062 3922 1204 4011 mutilis,

147 4054 291 4149 insigues
307 4081 422 4130 eornm
438 4053 475 4126 in
495 4049 609 4128 ovidii
625 4048 707 4126 locis
727 4047 927 4149 explicandis
945 4064 1054 4146 partes
1069 4044 1205 4157 docent.
