2692 4672
403 412 707 482 FASTORUM
735 416 832 481 LIB.
865 416 936 480 VI.

1137 416 1203 508 389

141 550 176 624 Si
193 567 286 623 torus
304 551 338 623 in
357 552 465 651 pretio
482 569 553 639 est,
571 551 665 625 dicor
681 569 829 625 matrona
845 553 1028 642 Tonantis3

188 670 377 768 Junctaque
392 670 534 770 Tarpeio
555 686 634 742 sunt
648 697 718 742 mea
736 667 857 770 templa
874 669 961 743 Jovi.

140 787 195 861 An
212 785 325 884 potuit
342 787 432 859 Maio
449 784 557 886 pellex
575 786 653 859 dare
669 786 802 860 nomina
819 787 950 861 mensi?
1173 809 1205 861 35

190 903 254 975 Hic
271 902 381 976 honor
394 904 429 976 in
445 903 545 977 nobis
563 903 744 977 invidiosus
762 904 847 977 erit?

142 1017 212 1090 Cur
226 1016 328 1112 igitur
346 1017 476 1112 Regina
495 1044 597 1089 vucor
613 1016 838 1117 Princepsque
856 1016 1014 1091 dearum?

189 1134 300 1205 Aurea
313 1161 372 1205 cur
385 1132 506 1207 dextre
523 1148 650 1231 sceptra
666 1130 783 1203 dedere
800 1132 906 1203 meae?

142 1244 195 1316 An
211 1244 332 1317 saciant
347 1273 491 1318 mensem
508 1244 617 1331 luces,
635 1243 826 1343 Lucinaque
844 1243 886 1316 ab
904 1241 970 1318 illis

189 1363 307 1449 Dicar,
326 1380 359 1435 et
375 1361 502 1436 anullo
520 1361 655 1435 nomina
672 1386 784 1433 meuse
800 1359 952 1434 traham?
1169 1384 1201 1450 40

141 1474 234 1550 Tunc
251 1504 303 1549 me
319 1476 477 1577 poeniteat
490 1475 640 1577 posuisse
656 1472 796 1549 fideliter
810 1473 876 1547 iras

136 1677 265 1736 praeibo,
280 1692 295 1724 e
308 1671 371 1726 celo
383 1671 470 1743 pulsus
481 1671 582 1743 sugitin
593 1671 646 1724 La-

140 1749 220 1813 tiusn;
232 1749 322 1803 ronler
331 1752 361 1816 l,
373 1750 429 1804 233.

172 1826 211 1878 33.
229 1829 260 1878 Ia
271 1833 416 1894 protelem,
430 1825 585 1897 dignitatem
598 1824 647 1880 ad-

138 1901 462 1970 fert-Toraaetr'smaluit,
470 1922 548 1973 quarn
556 1904 644 1971 Jovis,

140 1982 199 2050 quia
206 1981 268 2036 illud
275 1984 414 2038 notionem
421 1984 563 2053 majestatis
571 2002 645 2037 surn-

138 2077 189 2111 mse
196 2059 469 2121 involvit-Multam.
481 2062 589 2129 nonium
598 2061 644 2115 sed

136 2138 200 2191 illud
213 2141 349 2194 sonantius
359 2152 385 2193 et
395 2141 515 2210 dignius3
527 2141 606 2192 etiam
615 2140 644 2194 lt

138 2214 250 2269 Metam.
261 2217 307 2283 455
318 2236 347 2268 2«
357 2217 481 2271 Matrona
490 2217 578 2287 magni
587 2216 644 2269 To-

137 2311 153 2336 »
168 2292 264 2343 nantis.
278 2314 290 2338 ιν
303 2295 498 2347 -Dr'correcte
508 2303 643 2363 receptum

137 2389 153 2422 e
166 2368 270 2422 duobus
280 2371 391 2424 Putean.
400 2382 428 2425 et
439 2373 557 2441 Excerpt
565 2372 644 2425 Dou-

137 2465 175 2500 eae
186 2467 192 2509 ;
204 2448 289 2500 caeteri
302 2451 380 2500 dicar.
390 2450 523 2511 -5Juacta
534 2454 642 2516 templa,

135 2526 164 2579 in
179 2524 278 2593 templo
296 2523 445 2595 Capitolino
458 2525 507 2577 tria
519 2525 642 2591 delubra;

135 2603 256 2659 medium
263 2605 350 2672 Jovis,
358 2605 453 2658 laevum
459 2605 585 2668 lunoni„
594 2626 643 2661 nec

136 2682 213 2751 longe
222 2682 386 2737 aberatssdes
394 2683 509 2736 Junonis
517 2682 649 2753 Monere,

137 2758 170 2813 de
181 2779 232 2828 qua
246 2760 278 2827 1,
294 2761 352 2814 638.
362 2789 395 2800 -
407 2760 480 2814 Huic
489 2771 644 2829 argumento

132 2836 191 2889 rim
202 2837 292 2901 addit,
305 2837 402 2892 dumse
412 2848 562 2891 matronam
570 2854 643 2890 conr-

138 2908 211 2985 pmt
226 2932 289 2969 cum
300 2919 399 2989 pellrce.
418 2915 547 2970 Similiter
560 2933 643 2984 argu-

138 3002 271 3061 mutatur
281 2993 350 3063 apud
362 2993 520 3065 Virgilium,
536 2989 644 3045 AEneid.

139 3074 170 3142 l,
183 3075 261 3146 391«
276 3076 395 3131 Pallasne
412 3095 521 3131 exurere
535 3073 644 3129 classem

139 3173 155 3199 ι
168 3151 310 3221 Argivum,
324 3164 402 3222 atque
411 3154 478 3223 ipsos
487 3153 573 3223 potuit
582 3151 644 3206 sub-

139 3251 155 3278 »
168 3248 289 3298 mergere
308 3241 399 3301 ponto.
408 3269 429 3282 ..
441 3231 489 3284 Ast
500 3250 565 3301 ego,
585 3248 643 3299 qun

139 3327 155 3353 υ
169 3305 260 3360 divitur
275 3307 369 3362 incedo
386 3307 494 3377 regina,
517 3308 642 3377 lorisque

140 3406 155 3431 ν
169 3384 205 3438 Et
214 3404 289 3439 soror
302 3396 328 3440 et
340 3385 436 3452 conjux
448 3406 462 3431 o
474 3395 522 3438 etr„
531 3414 564 3426 -
572 3389 643 3440 Inoi-

137 3462 211 3514 detur
218 3472 247 3514 et
258 3461 297 3529 ei,
314 3461 357 3515 cui
370 3459 466 3530 aliquid
482 3479 536 3514 non
548 3481 643 3516 conce·

137 3536 225 3602 ditur,
240 3538 380 3605 Horatius,
394 3539 423 3604 1,
437 3536 523 3608 Satyr.
534 3553 579 3602 vt,
594 3540 643 3605 84³

693 1690 782 1734 manu
803 1671 909 1738 Livius,
921 1671 962 1735 V,
978 1690 1017 1735 sr.
1036 1672 1201 1738 Ileffrlraeno-

694 1752 794 1805 tionem
805 1760 933 1815 exornat,
951 1749 1014 1804 dum
1027 1760 1126 1817 sceptra
1139 1769 1200 1802 me-

694 1840 781 1883 morat
793 1848 880 1883 anna.
896 1856 930 1869 —
947 1830 993 1882 Au
1004 1829 1112 1896 secabat
1128 1848 1201 1881 uren·

694 1926 747 1960 seer
763 1917 812 1959 ete.
829 1925 912 1975 quum
925 1925 974 1975 ego
987 1926 1001 1958 a
1012 1910 1125 1966 lucr'bue,
1145 1906 1202 1958 die-

693 1984 756 2050 bus,
769 2003 827 2053 que
838 2000 958 2037 mensem
972 1983 1088 2048 faciunt,
1101 2000 1200 2037 nomeu

693 2064 796 2115 luciae
802 2060 922 2124 habeam,
931 2079 1038 2113 curnon
1049 2071 1076 2113 et
1085 2080 1099 2113 a
1109 2078 1198 2113 mense

692 2157 792 2191 nomen
810 2137 932 2190 traham?
945 2138 1051 2191 Frustra
1067 2137 1110 2191 ltic
1127 2137 1199 2192 basis

692 2216 879 2280 Burmannus,
892 2213 953 2283 quia
965 2226 992 2268 et
1004 2215 1066 2267 anni
1078 2215 1177 2269 lucibus
1190 2253 1198 2282 ‚

691 2292 743 2347 sire
763 2291 854 2347 diebus
871 2302 1008 2355 constant3
1024 2311 1108 2361 quun
1121 2291 1200 2362 igitur

691 2389 760 2443 unus
771 2371 871 2425 Mureti
888 2373 932 2424 Aa
943 2371 1045 2439 faciam
1055 2377 1141 2437 pneris
1151 2375 1198 2424 lu·

690 2468 756 2519 cern,
772 2447 877 2519 quidam
889 2467 984 2502 menses
997 2445 1149 2517 preferant,
1164 2447 1196 2500 cle

690 2525 734 2579 illo
742 2525 858 2601 'amplius
872 2524 1057 2596 cogitandum,
1069 2525 1135 2577 etin
1147 2524 1199 2578 lroc

690 2601 771 2675 latere
778 2603 874 2672 aliquid
881 2601 1030 2673 degravidis
1038 2611 1121 2671 putat,
1127 2621 1196 2670 que,

690 2682 782 2736 exactis
801 2682 952 2748 mensibus,
973 2681 1072 2734 Lucina
1092 2680 1195 2735 favente

690 2761 800 2829 pariunt.
816 2758 870 2815 Sed
880 2757 961 2815 ovid.
972 2759 1072 2812 consilii
1082 2758 1123 2813 sui
1132 2758 1198 2813 obli·

691 2845 732 2889 tus
750 2855 844 2907 parurn
862 2847 980 2891 accurate
994 2836 1102 2906 scripsit.
1123 2837 1197 2889 Juno

690 2913 763 2966 enim
782 2932 839 2969 nou
857 2934 872 2967 s
891 2934 980 2970 mense
995 2934 1095 2969 nomen
1115 2914 1198 2970 habe·

689 3008 734 3057 re,
748 2990 794 3047 sed
810 2993 895 3047 mensi
908 3014 1006 3048 nomen
1022 2993 1122 3048 dedisse
1134 2994 1197 3049 vult.

690 3066 847 3124 Tsubuerus
861 3071 893 3124 ad
906 3072 1059 3144 hypallagen
1073 3070 1195 3140 confugit

691 3144 780 3200 Etiam
788 3148 894 3201 luerim
901 3149 1015 3203 nominis
1027 3149 1104 3202 varic
1114 3167 1196 3202 causa

691 3223 897 3290 adferebantur,
921 3244 1003 3293 quum
1025 3224 1067 3278 alii
1086 3244 1101 3277 s
1119 3229 1193 3290 luce,

691 3318 769 3368 quam
788 3301 953 3353 nascentibus
972 3299 1034 3367 dat,
1051 3299 1120 3354 aliia
1138 3304 1195 3355 luco

690 3376 853 3441 derivarent;
863 3378 901 3446 ll,
909 3380 1108 3451 lio-Facilest
1114 3379 1197 3441 Hein-

689 3457 741 3511 sius
755 3457 883 3527 exprimo
901 3457 1077 3511 Ambrosiano
1095 3470 1121 3513 et
1137 3469 1196 3514 octo

690 3536 745 3590 aliis
763 3537 875 3607 recepi13
895 3536 972 3606 vulgo
980 3536 1098 3606 lacteat,
1122 3539 1198 3594 multi

138 3634 153 3660 a
168 3632 255 3682 neque
277 3613 318 3666 ille
338 3614 450 3686 Sepositi
466 3613 572 3680 ciceris,
593 3634 643 3668 nec
683 3613 796 3679 faciunt.

139 3711 154 3737 ν
169 3690 253 3762 longe
271 3690 363 3744 invidit
383 3709 493 3758 avenz,
511 3689 643 3760 »largiter

124 3795 127 3799 ’
139 3767 213 3822 dedit
224 3790 231 3833 ;
250 3769 308 3822 Au.
320 3769 393 3823 Poet.
407 3773 439 3825 55
449 3789 455 3821 :
466 3789 512 3837 ego
522 3787 567 3821 cur
575 3773 642 3821 ἰπνί-

724 3691 762 3757 4ι.
772 3689 869 3743 Merita
880 3689 995 3746 Junonis
1007 3691 1035 3745 in
1046 3692 1197 3761 Romanos,

691 3784 773 3833 quum
780 3766 869 3820 odium
877 3767 904 3820 in
911 3768 1003 3823 AEneae
1013 3782 1128 3839 posteros
1136 3789 1197 3823 cun·

138 3851 210 3909 deor,
225 3866 272 3901 cur
282 3845 309 3899 id
324 3845 388 3899 mihi
401 3866 455 3901 non
466 3845 644 3901 conceditur?
690 3857 796 3916 ceptum
807 3849 945 3917 posuisset,
958 3851 1086 3917 urbesque
1095 3849 1144 3903 sihi
1153 3869 1197 3901 ca-

140 3923 211 3976 Vide
220 3924 251 3977 ad
264 3922 379 3978 Plinium
389 3923 452 3991 ,Il,
466 3923 548 3992 Epist.
560 3940 591 3989 x,
602 3945 626 3976 s.
691 3926 900 3997 rissirnassubjici
912 3929 1114 3999 Romanispassa
1122 3937 1197 3980 esset.

172 4002 212 4073 37.
226 4000 282 4055 Hac
295 4000 418 4070 dignitate
436 4003 530 4070 passim
543 4001 643 4071 gloria·
690 4030 724 4044 ·-
733 4006 820 4069 Tuam
834 4005 1088 4059 Mitscherlich.turae.
1098 4006 1197 4056 -Iras

140 4090 183 4133 tur
194 4079 518 4147 tuno-Janolteginaa
531 4077 643 4134 Camillo
687 4087 775 4149 posuit
792 4083 937 4137 secundum
957 4082 1117 4149 Horatium,
1135 4081 1198 4151 lll,

141 4158 264 4215 dictatore
279 4159 351 4214 Veiis
365 4168 509 4216 transvecta
520 4170 576 4215 erat
589 4160 643 4214 llo-
692 4160 748 4217 od.
761 4177 814 4228 111,
830 4183 877 4232 17,
894 4172 1004 4217 mortuo
1016 4160 1132 4217 Romulo
1142 4184 1150 4228 ι
1162 4182 1201 4217 se-
