2700 5100
413 787 717 857 FASTORUM
745 791 844 859 LIB.
872 793 916 865 V.
1132 796 1195 864 361

187 928 375 1028 Tempora:
392 958 464 1029 quae
480 931 612 1030 nupsit,
630 958 698 1004 non
714 931 871 1007 diuturna
884 933 957 1015 fuit.

139 1044 213 1118 Hac
231 1072 366 1144 quoque
382 1045 421 1118 de
439 1073 552 1133 causa,
573 1044 600 1118 si
618 1064 649 1120 te
664 1049 838 1147 proverbia
854 1068 1011 1148 tangunt,

189 1163 306 1235 Mense
323 1161 424 1237 malas
442 1162 535 1236 Maio
550 1162 676 1236 nubere
692 1163 812 1260 vulgus
823 1167 879 1239 ait.
1151 1157 1212 1263 lu⁰⁸

139 1275 208 1349 Sed
224 1294 332 1351 tamen
349 1277 417 1352 haee
436 1279 497 1352 tria
512 1297 592 1352 sunt
610 1279 673 1352 sub
693 1279 810 1356 eodem
828 1299 973 1385 tempore
989 1282 1073 1358 lesta

189 1394 281 1465 lnter
299 1418 334 1465 se
349 1388 444 1465 nullo
462 1393 653 1467 continuata
671 1394 732 1469 die.

140 1507 299 1604 Quorum
318 1509 345 1582 si
366 1510 482 1583 mediis
498 1511 654 1584 Boeotum
671 1511 799 1585 Oriona
816 1540 959 1612 quarem

178 1623 306 1704 ,Falsus
323 1624 404 1698 eris:
427 1626 513 1721 signi
531 1653 628 1700 causa
644 1627 787 1701 canenda
803 1626 896 1700 mibi.

139 1740 292 1840 Jupiter,
310 1760 364 1829 et,
382 1741 449 1816 lato
466 1743 523 1843 qui
540 1760 656 1838 regnat
671 1743 708 1816 in
723 1771 869 1844 aequore,
886 1743 986 1817 frater
1153 1761 1202 1832 495

191 1858 381 1958 Carpebant
397 1859 523 1946 socias,
541 1859 810 1959 Mercuriusque,
826 1859 903 1932 vias.

140 1973 288 2073 Tempus
307 1991 395 2062 erat,
413 2002 481 2073 quo
499 2002 590 2047 versa
604 1975 686 2074 jugo
703 1975 890 2048 referuntur
905 1992 1027 2061 aratra;

191 2090 236 2162 Et
252 2118 395 2190 pronum
413 2107 530 2164 saturae
546 2087 595 2163 lac
611 2090 698 2163 bibit
714 2118 817 2187 agnus
833 2090 914 2163 ovis.

139 2285 253 2340 Junium
264 2285 496 2356 differri3ejusque
511 2286 549 2340 rei
561 2306 647 2340 causas
695 2287 744 2340 dus
760 2298 848 2341 autem
868 2297 924 2341 erat
945 2286 1083 2355 Tanagra,
1105 2283 1201 2354 oppido

139 2367 228 2439 plures
235 2365 412 2432 adsert,etiam
421 2366 497 2432 banc,
507 2365 576 2434 quod
585 2376 648 2418 tunc
695 2366 818 2428 Boeotiae3
838 2364 950 2434 Palaepb.
962 2364 1016 2418 Sed
1029 2362 1158 2417 Pindarus
1172 2364 1200 2415 in

138 2443 251 2498 mortuis
262 2455 408 2512 parentent.
424 2442 500 2498 ldem
515 2462 570 2514 pag.
584 2442 626 2494 161
638 2479 645 2505 ,
696 2440 866 2512 dithyrambis
877 2452 979 2511 patrem
990 2442 1046 2510 ejus
1058 2441 1158 2495 Chium
1166 2440 1201 2493 le·

139 2531 232 2574 auctor
247 2531 303 2587 est,
322 2520 429 2589 publicis
451 2519 521 2572 seriis
538 2523 648 2585 vr'rgr'ues
696 2530 765 2571 cerat
780 2539 787 2580 ;
809 2517 1003 2572 Aristomachus
1022 2519 1199 2579 Thebanum

138 2616 195 2651 non
203 2598 318 2663 nubere,
331 2597 375 2650 sed
384 2598 648 2649 viduus-Nondu-
697 2596 835 2666 Hyginus,
852 2597 878 2648 tl
889 2635 898 2662 ,
910 2597 949 2650 26.
961 2624 994 2636 -
1007 2597 1117 2650 Plurimi
1128 2594 1201 2651 MSS

137 2672 283 2740 luruasuil,
296 2693 350 2725 non
360 2673 407 2724 diu
418 2673 648 2738 vixit-Propte—
696 2673 776 2726 etiam
786 2678 891 2742 guarin
908 2674 934 2738 l,
948 2673 997 2725 313
1011 2674 1124 2741 :frustra
1134 2694 1202 2743 peu·-

137 2755 223 2804 uerbe'u
235 2750 289 2801 duo
298 2755 431 2812 conuictu
448 2748 509 2802 iude
524 2749 648 2803 Heinsius
666 2747 669 2753 ’
695 2761 783 2803 ruutur
798 2753 901 2804 brocheis
914 2752 1021 2816 Caucrc',·
1035 2751 1082 2805 sed
1095 2752 1122 2806 ll
1132 2791 1142 2816 ,
1154 2772 1201 2821 77:

135 2826 647 2893 conjicitueteconm'cr'utauguut,male.
696 2831 811 2896 Dumque
829 2831 921 2899 lyram
941 2839 1091 2897 querente.
1108 2829 1143 2883 Et
1160 2829 1203 2882 lu-

135 2932 172 2946 -
183 2904 256 2954 luter
264 2906 369 2954 seuullo
380 2913 428 2956 etc.
441 2900 580 2956 Consentit
591 2904 648 2956 Ka·
696 2917 786 2960 turum
800 2925 872 2959 nunc
880 2917 983 2976 praestat
993 2915 1099 2976 propter
1108 2913 1202 2960 eris.-

136 2981 210 3037 lend.
225 2993 307 3035 vetus.
318 3010 353 3022 -
367 2984 499 3049 Tempore,
521 2984 647 3036 Mauarin.
696 2988 799 3038 Falsum
810 3003 880 3046 esse,
895 3004 982 3038 errare
994 3006 1000 3049 ς
1013 2984 1122 3037 Terent.
1133 2985 1201 3038 Eun.

138 3073 166 3116 et
180 3071 282 3128 septem
298 3061 339 3114 alii
351 3067 451 3115 uomrue
459 3079 469 3128 ,·
489 3062 525 3115 sic
543 3072 569 3116 et
586 3061 646 3117 edit.
696 3060 741 3125 lt,
755 3075 794 3125 11,
807 3062 839 3125 43
849 3079 855 3112 :
867 3059 984 3126 utsulsus
991 3063 1130 3113 auimiestl
1143 3062 1202 3114 Hoc

112 3165 114 3169 ¹
139 3138 270 3209 Neapolis.
696 3137 818 3191 loconon
838 3138 955 3190 invenire
970 3137 1039 3206 quod
1055 3139 1156 3207 quaeris.
1170 3167 1203 3180 —

129 3260 136 3267 .
172 3218 325 3291 493-544N
331 3219 394 3271 Idus
404 3220 482 3273 Orion
488 3223 587 3274 occidit.
596 3221 647 3274 Hic
695 3219 796 3285 Jupiter
810 3229 836 3271 et
851 3219 991 3271 oteramus
1004 3218 1097 3287 saepius
1109 3218 1204 3272 ambu-

159 3356 164 3367 Ι
184 3297 250 3349 'ouis
265 3299 411 3366 procreatio
426 3308 453 3352 et
469 3299 560 3353 relatio
579 3300 648 3353 inter
695 3295 783 3349 labant
798 3315 850 3349 una
865 3295 893 3348 in
907 3296 1000 3360 terris;
1014 3315 1087 3350 nunc
1101 3297 1205 3350 accessit

138 3364 365 3429 sidunnarramr.
385 3375 512 3430 Fabulam
524 3376 591 3429 bane
603 3376 648 3429 ab·
695 3378 841 3441 Neptunus,
867 3394 946 3444 quem
965 3387 1054 3430 tamen
1072 3375 1114 3429 alii
1133 3375 1201 3446 apud

139 3448 246 3505 surdum
257 3463 283 3505 et
298 3453 445 3506 obscoenam
458 3454 559 3523 babent
568 3454 647 3507 etiam
697 3453 850 3524 Hyginum,
869 3454 914 3521 11,
935 3455 982 3522 34,
996 3456 1158 3519 omiserunt,
1176 3464 1202 3507 et

142 3528 293 3603 Apollodor.
307 3532 336 3596 1,
352 3547 400 3596 tv,
413 3530 445 3595 33
458 3530 598 3603 Pelophat.
612 3538 647 3595 ss
695 3531 738 3585 cui
758 3532 865 3585 Taetzes
882 3531 914 3584 ad
933 3532 1062 3603 Lycophr.
1078 3532 1202 3586 Cassaod.

141 3604 320 3675 Festostbius,
333 3621 458 3739 Kmerep.
468 3630 480 3679 7
491 3621 518 3663 et
530 3611 559 3679 37
571 3631 577 3673 ;
589 3611 648 3664 An·
696 3608 764 3673 328,
779 3607 928 3676 Apollinem
940 3610 1078 3663 substituit.

140 3692 196 3736 ton.
208 3683 350 3750 Liberalis,
367 3687 398 3737 25
410 3705 417 3747 ;
453 3685 518 3739 chol.
534 3687 648 3741 Homeri
728 3686 784 3757 497.
794 3685 911 3752 Tempus
921 3682 1203 3753 vespertinumdeseri-

140 3758 174 3813 ad
189 3761 220 3815 lt.
236 3772 270 3827 Z,
283 3763 345 3829 4863
364 3762 500 3834 Hyginus,
516 3765 566 3817 sab.
582 3772 645 3839 1953
695 3762 732 3816 bit
746 3762 800 3816 lere
813 3773 842 3815 ut
853 3762 994 3827 Horatius,
1009 3762 1093 3833 Epod.
1104 3764 1142 3828 11,
1153 3763 1181 3816 61
1195 3783 1201 3816 :

140 3837 216 3894 Poet.
228 3839 336 3892 Astron.
345 3839 389 3904 lt,
402 3839 435 3892 26
446 3850 473 3892 et
485 3841 533 3906 34,
545 3842 646 3911 aliique.
697 3863 710 3886 u
724 3840 804 3894 Juvat
817 3848 899 3909 pastas
916 3858 976 3893 oves
989 3838 1087 3894 Videre
1106 3860 1202 3911 prope-

140 3913 165 3969 E
176 3916 365 3971 recentioribus
377 3935 435 3971 eam
448 3919 565 3971 tractavit
578 3920 648 3973 Fur·
697 3943 711 3968 »
723 3919 946 3974 rantesdomum!
959 3918 1056 3973 Videre
1068 3921 1146 3976 sessos
1155 3943 1203 3975 vo-

139 3993 258 4047 montius
270 3996 298 4047 in
312 3992 464 4048 Comment.
475 3990 554 4048 A‘cad.
567 3997 647 4050 Paris.
697 4018 711 4044 u
725 4016 828 4050 merem
836 3998 968 4050 inversum
976 3996 1054 4051 boves
1063 3995 1139 4052 Collo
1148 4009 1203 4052 tra-

140 4083 206 4126 tom.
216 4075 328 4144 xtv,p.
339 4076 427 4142 stt-41.
436 4074 545 4129 Veteres
554 4094 648 4146 magna
698 4096 711 4120 ν
724 4075 817 4128 heutes
829 4073 968 4143 languido!
986 4097 999 4122 »
1012 4075 1065 4128 Sed
1078 4096 1139 4130 oues
1153 4077 1200 4130 alia

140 4153 265 4208 varietate
278 4173 337 4207 eam
349 4153 530 4225 prodiderunt.
542 4155 590 4208 Est
600 4175 648 4208 au·
695 4153 808 4222 imagine
828 4153 980 4222 exornavit,
999 4155 1026 4207 in
1043 4175 1094 4225 qua
1112 4165 1201 4208 tamen

141 4241 196 4284 tem
206 4231 286 4285 Orion
293 4251 372 4302 prope
379 4233 448 4285 viam
461 4234 570 4286 lacteam
577 4231 647 4286 sidus
696 4229 817 4297 dubites,
836 4243 925 4286 utrum
936 4253 1043 4299 prunum
1060 4253 1120 4288 cum
1135 4234 1201 4287 Ma-

140 4308 290 4378 egregium,
310 4308 351 4362 cui
366 4308 443 4363 bodie
458 4312 489 4380 78
502 4310 581 4364 stettae
595 4310 647 4363 tri·
696 4311 775 4365 zarin.
786 4320 813 4365 et
824 4311 1021 4366 Zulichemiano
1032 4313 1102 4366 unde
1114 4312 1202 4365 Hein-

140 4386 268 4439 buuntur.
488 4454 490 4459 Ι
695 4389 747 4442 sius
758 4390 872 4460 accepit,
885 4409 919 4443 an
927 4410 987 4444 eum
998 4391 1074 4459 longe
1085 4389 1202 4459 plurimis

173 4464 291 4516 Baeotum
301 4461 375 4528 dedi,
389 4481 443 4516 non
453 4467 573 4527 Baeton,
587 4466 648 4535 quia
692 4487 787 4534 pronus
799 4467 927 4536 presseras.
946 4472 1054 4521 Pronum
1069 4472 1127 4529 Iac,
1149 4466 1202 4518 de-

142 4540 648 4598 emnerlereMSSsicexbibent.0riun·
696 4545 781 4599 fluens
799 4564 829 4600 ex
847 4547 926 4600 ubere
944 4545 1092 4612 submisso,
1108 4565 1202 4612 prunus
