2692 4672
135 401 199 491 390
414 403 452 467 ι.
482 403 661 470 ovmn
686 402 913 474 uasoms

182 543 223 614 lu
239 567 344 636 genus
354 541 511 627 Electrae,
525 541 787 643 Dardaniamque
806 543 952 618 domum.

137 657 241 730 Causa
260 654 382 756 duplex
400 654 455 728 irae
470 673 587 756 :rapto
608 655 793 758 Ganymede
812 656 985 747 dolebam,

184 774 303 845 Forma
319 798 452 871 quoque
469 770 554 845 ldaeo
570 768 677 870 judice
695 773 779 846 ricta
794 801 866 846 mea
883 790 942 846 est

136 888 316 973 Poeuitcat,
335 886 425 987 quod
439 915 508 958 non
523 886 620 959 foveo
637 887 844 984 Carthaginis
862 918 973 978 arces;
1163 919 1189 985 45

185 1007 299 1102 Quum
316 1033 388 1078 mea
402 1004 469 1076 sint
486 1002 543 1076 illo
559 1031 675 1078 currus
692 1023 725 1079 ct
740 1032 828 1077 arma
844 1005 944 1079 loco:

136 1122 298 1196 Poeniteat
314 1124 474 1221 Sparten,
492 1120 686 1220 Argosque,
703 1149 857 1221 measque
873 1123 1054 1222 Mycenas,

98 1296 101 1301 -
184 1238 230 1313 Et
244 1257 384 1312 veterem
399 1237 494 1311 Latio
511 1236 725 1338 supposuisse
743 1236 890 1310 Somou:

107 1328 114 1347 ἱ
137 1352 233 1425 Adde
251 1380 361 1426 seusun
377 1351 530 1437 Tatium,
545 1348 828 1451 Junonicolasque
845 1350 1011 1439 Faliscos,

122 1488 125 1493 ’
188 1467 286 1563 Quos
303 1495 365 1562 ego
384 1465 544 1541 Romanis
559 1464 770 1539 succubuisse
787 1463 860 1538 tuli.
1165 1491 1190 1542 ιι

139 1582 204 1656 Sed
220 1611 326 1682 ueque
343 1583 520 1683 poeuiteat3
540 1610 599 1654 nec
617 1609 696 1676 gens
715 1581 796 1653 mihi
814 1581 922 1654 carior
939 1580 1009 1654 ulla
1026 1601 1101 1658 est:

186 1695 251 1768 Hic
269 1693 378 1782 colar,
395 1694 450 1777 bic
469 1715 595 1769 teneam
611 1723 685 1768 cum
701 1697 781 1768 Jove
800 1695 921 1797 templa
938 1725 1026 1772 meo.

138 1813 214 1912 Ipse
229 1811 310 1884 mibi
328 1812 483 1899 Mavors3
503 1810 707 1886 Commendo
725 1810 864 1898 moenia,
884 1811 987 1901 dixit,

135 1983 253 2041 eandum
265 1981 357 2052 Virgil.
371 1980 476 2035 AEneid.
492 1982 563 2048 ΧΠ,
580 2001 642 2054 791,
692 1987 772 2037 Faveo
783 1980 909 2034 Heinsius
920 1999 953 2035 er
964 1983 1120 2039 melioribus
1130 2005 1190 2039 rece·

138 2063 225 2119 AEuea
236 2060 320 2115 adbuc
330 2063 437 2116 vivo.-
444 2062 485 2115 De
491 2080 580 2130 {ruere
585 2065 646 2116 Ele·
693 2064 731 2134 pit
741 2084 747 2126 3
760 2063 909 2116 Farnesian.
920 2064 1001 2132 prim.
1006 2066 1113 2134 sorem
1123 2089 1131 2120 :
1141 2069 1189 2120 olim

136 2151 196 2196 cln
206 2150 234 2194 et
249 2142 385 2193 Dardania
401 2143 488 2201 domo,
503 2139 573 2194 uude
590 2140 649 2194 Ro-
688 2139 760 2207 sarai,
777 2138 847 2208 quod
858 2139 1019 2209 Taubnems
1030 2155 1133 2211 tuetur,
1144 2145 1190 2215 qnia

139 2219 211 2275 mani
221 2239 269 2290 per
280 2220 394 2273 AEneam
405 2259 412 2286 ,
432 2220 482 2287 lV,
495 2220 535 2274 31.
545 2249 578 2262 -
588 2222 647 2273 Bn-
696 2213 829 2284 Carthago
840 2215 884 2268 illo
895 2227 1018 2286 tempore
1037 2221 1093 2289 jam
1106 2221 1189 2280 deletu

133 2304 196 2368 pler
206 2298 262 2353 buc
270 2304 313 2351 r're
323 2318 409 2360 causa,
420 2304 518 2368 'nempe
520 2301 647 2365 juditium
694 2294 740 2349 sed
754 2296 789 2348 ita
804 2315 853 2349 nce
863 2301 917 2348 seir!
930 2299 1008 2367 sequi
1027 2300 1142 2355 deberet
1159 2300 1189 2353 lle

137 2383 255 2441 Pareir'r‘s,
272 2390 300 2434 et
316 2385 387 2446 rapti
399 2366 558 2450 Ganymede?
570 2383 647 2433 bono·
695 2395 723 2428 re
732 2376 878 2445 preterita,
891 2388 920 2430 ut
931 2377 965 2431 de
977 2382 1120 2448 presenti,
1131 2391 1191 2451 poelt

138 2478 193 2519 res,
211 2460 290 2513 etiam
302 2457 409 2513 AEneid.
427 2460 456 2523 1,
471 2458 518 2527 37,
538 2457 647 2512 memo·
695 2453 795 2507 locutus
810 2464 856 2507 est
874 2481 908 2493 -
924 2458 1035 2523 Sparten
1052 2471 1102 2514 etc„
1120 2461 1191 2514 Erine

139 2550 219 2591 ratur.
238 2534 439 2611 Ganymedem,
454 2536 532 2590 Trois
543 2533 645 2602 filium,
695 2532 770 2597 alibi,
784 2543 812 2586 ut
822 2534 863 2587 v1
873 2533 940 2588 Met.
952 2539 1019 2603 414,
1033 2551 1060 2593 et
1072 2540 1126 2609 jam
1136 2536 1190 2610 apud

137 2613 646 2687 longepulcherrimumintermortbles,
697 2610 807 2664 Homer.
819 2611 859 2666 hm
872 2623 924 2666 tres
939 2616 1020 2670 urbes
1033 2619 1071 2672 sic
1085 2621 1192 2689 jungun-

140 2695 173 2745 ob
188 2695 269 2761 ipsam
281 2690 504 2761 pulchritudinem
515 2690 550 2743 dii
560 2691 588 2742 in
601 2706 647 2742 ιι·-
696 2699 754 2754 tur,
767 2690 863 2761 quippe
877 2692 981 2747 ,lunoni
998 2695 1122 2766 inprimis
1135 2713 1193 2752 esre.

138 2770 194 2823 lum
206 2790 332 2838 rapuere,
345 2783 374 2825 ut
385 2773 447 2825 Jovi
458 2782 525 2825 osset
537 2768 647 2837 podtta-
694 2793 728 2806 -
741 2767 782 2820 De
793 2768 893 2837 templo
906 2771 1026 2827 lunonis
1039 2776 1130 2828 &aab
1147 2773 1194 2828 vide

139 2855 198 2907 tor;
216 2848 364 2911 Homerus,
379 2849 447 2912 ltu,
461 2848 515 2899 233.
525 2847 586 2899 Nou
596 2846 647 2899 mi·
696 2846 879 2915 Herodotum,
890 2851 1196 2921 limo-supposuisse.

138 2945 217 2990 rum,
236 2945 268 2977 eo
281 2938 357 2993 raptu
369 2927 506 2977 Juuonem
517 2924 645 2988 doluisse;
694 2924 831 2992 subjecisse
839 2931 1147 2993 potestatillomomm
1155 2954 1162 2994 ;
1170 2930 1195 2994 l,

140 3003 269 3072 displicuit
282 3003 361 3056 etiarn
374 3000 460 3055 Cicer.
473 3000 551 3055 Tusc,
564 3004 593 3069 l,
606 3002 647 3057 ab.
695 3000 762 3061 3063
781 3001 820 3055 1v
834 3002 915 3056 Trist.
930 3023 999 3073 vm,
1015 3008 1065 3075 a:
1080 3028 1094 3054 ι
1105 3006 1150 3062 Nil
1163 3008 1194 3061 ira

172 3083 210 3147 45.
224 3079 317 3146 Virgil.
338 3076 443 3132 AEneid.
456 3078 485 3142 1,
499 3084 547 3132 15:
564 3081 646 3145 Quam
696 3076 833 3132 »sublime
848 3091 904 3146 est,
924 3096 958 3140 ut
969 3102 1022 3140 unu
1033 3084 1068 3139 sit
1084 3086 1195 3156 supposi-

139 3154 375 3228 (Cartbaginem)
394 3157 463 3208 Juno
474 3155 559 3223 sertor
575 3163 647 3210 terrr's·
696 3177 710 3201 ι
724 3154 854 3217 tamdem
871 3178 945 3228 ”pro
956 3182 989 3217 eo
998 3182 1059 3217 mox
1067 3175 1196 3218 estsneco·

139 3244 220 3304 magri
232 3239 346 3289 omnibns
358 3248 433 3286 unam
443 3235 592 3287 Posthabito
601 3254 647 3288 co-
695 3236 777 3284 baisse
788 3237 855 3285 ruli:
867 3254 924 3289 non
941 3241 1194 3311 beneigiturKreb-

138 3316 216 3367 lur'sse
236 3317 316 3367 Samo.
336 3317 388 3366 Hic
405 3318 476 3366 r'llrirs
494 3334 581 3374 arma,
605 3318 647 3367 bic
694 3311 745 3364 sius
758 3313 854 3366 vertit:
868 3318 987 3373 dassict
997 3324 1136 3375 misem.

139 3410 226 3446 curras
236 3390 299 3458 suit.
320 3393 379 3445 Hoc
391 3391 423 3444 de
436 3411 515 3445 curru
527 3392 618 3446 fictum
630 3412 645 3445 e
727 3389 766 3458 49-
781 3392 852 3443 »luno
866 3395 940 3446 Curis
952 3395 1002 3451 dea
1012 3399 1138 3470 prrecipua
1152 3397 1195 3452 Sa·

140 3468 258 3519 moribus
271 3467 437 3535 antiquorum
453 3468 582 3532 heroum,
601 3469 645 3536 qui
693 3467 831 3532 binorum
844 3469 932 3542 itaque
944 3477 1053 3538 Parim,
1065 3498 1145 3549 quum
1153 3477 1193 3531 sa·

141 3563 232 3598 currus
243 3565 316 3609 suos,
329 3545 496 3610 sinitobello,
506 3557 577 3600 certo
590 3547 646 3600 loco
693 3544 746 3598 bini
759 3566 786 3600 se
798 3548 942 3617 junxissent
959 3554 1103 3624 Romanis,
1117 3557 1193 3612 eidem

141 3623 311 3691 reponebant.
327 3625 448 3678 Deorum
459 3644 550 3679 currus
563 3625 593 3677 iis
605 3624 644 3678 lo·
694 3622 720 3673 in
729 3624 851 3679 omnibus
858 3629 936 3682 curiis
942 3648 1051 3689 mensas
1062 3635 1191 3698 dedicavit,

141 3701 177 3754 eis
187 3699 283 3753 servari
293 3697 459 3766 dicebantur,
473 3701 569 3768 ubiipsi
578 3722 646 3756 sum·
694 3718 752 3766 quoe
765 3702 875 3770 Augusti
887 3705 972 3762 adbuc
983 3722 1102 3784 tempore
1113 3725 1193 3770 enta-

142 3791 187 3830 tna
196 3774 320 3845 religione
331 3775 379 3826 coli
392 3777 516 3829 solebant
533 3778 646 3833 Junonis
693 3777 773 3840 bant;
795 3780 936 3853 Dionysius
952 3787 1038 3845 Halic
1052 3792 1096 3858 ΙΙ,
1117 3797 1155 3846 5ο,
1167 3818 1193 3831 .-

142 3873 233 3907 enrrus
244 3854 275 3906 ab
293 3852 413 3906 Homero
424 3853 453 3907 ll.
468 3863 487 3906 Ε
498 3892 505 3916 ,
527 3874 574 3922 7²0
583 3875 644 3924 sqq,
695 3855 809 3912 Falerios
820 3859 846 3911 iu
856 3862 970 3917 Faliscis
980 3868 1045 3921 olim
1056 3871 1142 3941 Argivi
1152 3870 1193 3924 mi-

141 3939 311 3984 memoratur.
321 3928 407 3981 Etiam
415 3949 487 3981 arma
494 3929 594 3983 Junoui
604 3933 646 3985 tri·
694 3948 838 4001 praeerant.
856 3939 897 3992 lbi
911 3942 991 4012 igitur
1003 3949 1131 4018 templum
1144 3951 1192 4003 Ju-

141 4006 307 4072 buebantur,
329 4006 447 4075 inprimis
463 4005 533 4060 basta
546 4028 553 4070 ;
575 4011 646 4063 uude
693 4013 771 4065 nonis
782 4015 814 4067 ad
827 4015 1026 4077 similitudinem
1039 4028 1118 4095 argivi
1129 4027 1194 4096 posi-

143 4077 217 4134 Jnno
236 4081 337 4153 Curitis
352 4082 420 4150 apud
441 4083 558 4139 Sabinos.
577 4086 645 4140 Vide
694 4098 752 4144 tum
769 4093 796 4146 iu
810 4112 895 4164 eoque
909 4117 981 4153 saura
1000 4101 1098 4156 fiebant
1111 4104 1195 4173 argiro

144 4156 282 4226 Heynium
299 4158 332 4213 ad
351 4161 443 4231 virgil.
459 4161 527 4216 dicto
539 4163 602 4218 loco.
613 4193 647 4205 -
694 4167 764 4231 rium
778 4168 937 4244 Dionysius,
951 4173 1078 4241 l,*21.·-
1089 4179 1199 4231 Haemi
