2692 4672
408 342 463 409 IN
492 341 681 409 OVIDII
709 339 924 411 FASTOS.
1131 346 1196 412 513

137 481 233 553 Rom.
249 506 322 579 pag.
340 476 430 578 319,
444 480 509 578 Α.)
524 509 532 551 :
552 486 666 572 Τύχην,
679 487 713 557 ἣν
727 491 861 579 φορτικὴν
873 489 1024 573 καλοῦσιν,
1039 496 1108 581 ὅπερ
1120 490 1196 560 totto

138 601 274 691 ἰσχυρὰν,
286 602 497 690 ἀριστευτικὴν,
509 601 527 671 ἢ
543 597 691 690 ἀνδρείαν,
703 601 744 675 ὡς
753 601 787 666 τὸ
799 604 937 676 νικητικὸν
946 606 1082 672 ἁπάντων
1093 611 1197 698 κράτος

135 721 270 804 ἔχουσαν.
291 712 444 784 Formam
449 711 563 809 finctus
580 709 615 782 in
632 738 741 804 graecae
757 710 848 785 vocis
866 710 1111 791 similitudinem
1123 744 1197 791 mu-

135 842 274 913 taverat,
287 843 326 899 ut
342 824 397 898 itte
407 825 526 922 lingua
540 824 823 899 latinaeiuterdum
841 853 961 920 gnarus
976 845 1049 914 est;
1066 857 1198 904 sensum

137 958 245 1016 tamen
264 941 437 1042 exprimit,
460 942 541 1017 acsi
565 952 680 1041 φορταὴ
701 942 720 1013 i.
742 972 773 1043 q.
793 941 890 1015 sortis
908 957 1002 1015 essct.
1028 982 1068 997 -
1085 945 1199 1020 Ilabe-

135 1088 246 1134 remus
259 1060 362 1154 igitur
371 1059 435 1132 hoc
446 1058 641 1154 cognomine
656 1059 858 1153 designatam
868 1059 1046 1130 Fortunam
1059 1057 1197 1148 bonam,

136 1177 298 1264 faustam,
323 1173 471 1261 felicem,
493 1204 596 1275 quum
618 1192 651 1249 et
670 1174 788 1248 malam
806 1176 983 1247 Fortunam
1005 1202 1023 1245 a
1042 1175 1200 1253 Romanis

136 1291 257 1366 cultam
274 1293 433 1379 sciamus,
451 1309 485 1366 et
501 1319 672 1391 perperam
688 1290 792 1385 igitur
808 1289 944 1390 quidam
967 1290 1099 1363 Fortem
1118 1292 1201 1364 For·
1290 1326 1302 1348 ·

135 1423 248 1479 tunam
259 1433 361 1478 cosmo
377 1432 488 1478 cacum
498 1431 567 1478 esse
578 1404 697 1477 dixere.
714 1402 806 1476 Idem
815 1420 865 1476 est
875 1419 1030 1476 constans
1044 1400 1199 1504 loquendi

136 1548 216 1594 usus
235 1521 267 1592 in
290 1554 307 1584 «ε
327 1521 412 1592 sorte
435 1520 568 1592 sortuna
588 1552 605 1583 »
626 1518 720 1618 quod
738 1517 829 1592 dere
847 1517 957 1618 aliqua
973 1518 1109 1609 dicitur,
1128 1551 1200 1622 quac

136 1664 213 1711 casu
232 1635 384 1738 quidem,
403 1634 458 1709 sed
476 1633 612 1709 feliciter
627 1635 727 1710 nobis
743 1634 885 1732 obtigit3
903 1639 978 1710 Ter.
999 1639 1084 1710 Eun.
1103 1640 1137 1724 l,
1155 1659 1199 1722 tt,

138 1751 203 1844 543
224 1754 345 1853 Hecyr.
364 1753 436 1836 ΙΙΙ,
468 1769 532 1839 111,
558 1751 623 1840 263
640 1770 672 1826 et
690 1753 717 1826 si
738 1771 854 1854 postea
880 1753 989 1855 primo
1017 1783 1094 1828 casu
1117 1759 1199 1830 Fors

136 1872 282 1944 Fortuna
302 1868 444 1942 occurrit
458 1870 658 1967 (Phormio,
669 1873 713 1958 V,
726 1889 780 1959 Vl,
801 1870 852 1970 t),
868 1890 907 1945 ut
920 1872 984 1973 ipsi
999 1876 1198 1968 grammatici

138 1988 319 2076 adnotant,
337 1988 463 2088 ubique
480 1987 614 2074 eodem,
633 2015 701 2088 quo
719 1987 806 2077 dixi,
823 2014 920 2064 sensu
938 1989 986 2063 fit.
1015 1991 1138 2065 Donat.
1158 1995 1199 2065 ad

138 2099 159 2174 Ι.
178 2130 204 2174 c.
222 2102 368 2174 Fortuna
382 2100 465 2174 dicto
478 2116 524 2175 est
538 2102 651 2174 incerto
668 2108 730 2186 res,
750 2101 835 2176 Fors
845 2102 981 2200 sortm
1001 2107 1199 2203 eventnssor-

135 2234 220 2293 tuna
234 2220 337 2293 bonus.
353 2221 505 2294 Fortasse
517 2220 643 2320 primus
659 2245 754 2293 casus
767 2218 872 2304 Fors,
890 2220 953 2293 hoc
966 2248 1052 2295 nexu
1066 2221 1196 2297 demum

135 2364 155 2408 a
171 2364 246 2409 casu
263 2336 585 2436 sextosortefiartuna,
609 2336 666 2438 qui
683 2335 818 2437 proprie
835 2354 903 2411 crat
916 2337 1193 2438 afiartr'sfiartunu,

134 2450 297 2552 petendus
313 2469 371 2524 est.

183 2579 230 2640 2⁰.
246 2571 312 2656 VI,
331 2566 410 2668 793.
428 2570 574 2669 Tempus
593 2568 678 2642 idem
694 2570 807 2643 statdr
821 2569 900 2644 aedis
914 2569 1032 2656 habet,
1053 2591 1114 2646 etc.
1136 2574 1196 2648 Li-

132 2684 277 2773 brarios,
295 2685 353 2785 qui
372 2685 414 2757 T.
432 2685 453 2757 ι’.
473 2685 594 2758 statoris
611 2698 678 2756 crat
702 2703 933 2784 reposuerant,
954 2686 1020 2784 jam
1042 2687 1127 2763 bene
1144 2719 1197 2764 re·

133 2800 250 2874 sutavit
268 2800 443 2887 Heinsius,
462 2801 545 2873 hanc
563 2798 736 2873 lectionem
750 2828 789 2873 ex
802 2816 872 2901 opt.
890 2800 984 2875 codd.
995 2802 1194 2906 adprobans.

133 2918 234 2993 Haud
252 2917 320 2992 scio
337 2944 377 2988 an
395 2916 476 2989 satis
488 2915 554 3013 jam
569 2942 587 2986 a
606 2915 823 3010 grammaticis
845 2934 1040 2991 annotatum
1059 2918 1105 2993 sit
1125 2949 1197 2994 mo-

131 3053 280 3108 mentum
296 3030 398 3119 illud,
418 3030 506 3133 quod
526 3029 610 3103 bene
622 3031 663 3103 ad
676 3031 759 3105 hanc
776 3030 948 3107 lectionem
967 3033 1195 3110 stabiliendam

133 3148 229 3232 sacit,
247 3149 407 3248 plurima,
425 3145 494 3221 scil.
513 3145 611 3219 verba
630 3144 729 3219 latina
744 3163 778 3219 et
795 3175 917 3243 muca,
933 3135 1040 3223 cocali
1052 3150 1145 3223 brevi
1161 3151 1195 3224 in

134 3262 267 3358 longam
288 3264 465 3362 producta,
484 3262 752 3359 significationem
776 3290 868 3337 suam
885 3261 1023 3338 activam
1038 3264 1073 3337 in
1090 3269 1195 3366 passi·

135 3407 206 3453 vam
223 3396 257 3451 et
271 3378 411 3452 mediam
426 3399 551 3455 mutare
566 3378 679 3454 sotere.
698 3377 857 3481 Exempla
871 3378 906 3451 in
920 3398 1080 3481 promptu
1092 3400 1193 3454 sunt:

133 3496 209 3569 Act.
225 3512 276 3568 est
285 3499 395 3579 stare,
410 3520 483 3566 cum
496 3495 689 3598 reduplicat.
701 3495 815 3570 sistere
827 3494 964 3593 (stellare)
975 3494 1063 3571 unde
1072 3501 1192 3579 stator,

133 3610 192 3711 qui
215 3609 322 3698 sistit;
346 3613 488 3694 statum,
506 3609 527 3680 i.
547 3639 574 3684 e.
601 3611 838 3698 constitutum
861 3611 997 3700 stitim,
1020 3612 1042 3685 i.
1070 3640 1097 3685 e.
1116 3640 1189 3685 mor

132 3727 220 3824 (vid.
240 3729 360 3801 Donat.
379 3726 419 3798 ad
436 3728 512 3800 Ter.
530 3728 664 3801 Phomn.
685 3730 729 3816 V,
747 3744 810 3814 111,
830 3754 872 3828 7,
890 3728 981 3829 quod
993 3728 1191 3801 vereobser-

133 3863 259 3932 vatum,
278 3847 339 3919 etsi
355 3844 518 3918 interdum
535 3843 718 3940 neglectum
739 3848 828 3944 est);
844 3845 933 3921 Med.
952 3851 1061 3933 stare,
1080 3873 1114 3920 se
1131 3844 1191 3919 sis·¹

65 4036 69 4052 ‚
134 3981 200 4039 tere
218 3961 382 4062 (satan),
400 3969 565 4052 statums,
584 3965 701 4048 stitt'rn,
722 3966 743 4036 i.
763 3991 790 4036 e.
803 3964 962 4064 fimiter:
981 3960 1046 4034 vid.
1066 3963 1190 4035 Donat.

135 4077 224 4166 l.'c.,
242 4096 275 4151 et
289 4078 422 4180 proprie
439 4083 558 4167 stator,
575 4077 604 4152 si
620 4096 671 4153 est
685 4076 707 4150 i.
729 4109 761 4179 q.
781 4097 886 4168 stans,
905 4077 961 4180 qui
976 4077 1102 4169 adstat,
1118 4108 1148 4149 v.
1161 4108 1187 4147 c.
1274 4166 1277 4175 Ι

231 4203 266 4271 V
267 4202 299 4267 I·
1015 4200 1056 4265 33
