2692 4672
154 306 1213 357 mmmmm*

457 496 898 607 parentato

368 736 727 824 nmmouts
766 737 1005 826 rmum.

540 918 828 950 *—

166 1128 324 1290 Quum
347 1176 484 1264 Ovidii
507 1177 840 1294 Metamorphoses
857 1178 956 1263 olim
980 1178 1215 1292 edidissem,

161 1359 395 1443 operamque
418 1307 467 1409 iis
490 1329 711 1439 impensam
741 1360 823 1411 non
853 1330 1116 1442 improbatam
1139 1361 1219 1415 esse

162 1478 249 1560 viris
268 1475 393 1559 doctis
412 1475 595 1559 vidissem
609 1506 655 1559 ex
669 1506 740 1582 eo,
761 1476 869 1593 quod
882 1508 1008 1591 nuper
1022 1477 1141 1563 editio
1154 1479 1223 1563 illa

162 1625 260 1736 typis
270 1598 603 1736 esset'repetenda,
617 1622 763 1734 placuit
773 1624 944 1708 similem
952 1655 1089 1708 curam
1098 1625 1224 1709 Fastis

163 1770 335 1883 ejusdem
354 1792 478 1882 poetae
498 1767 708 1874 adhihere,
730 1771 795 1852 cui
813 1772 980 1852 carmini
998 1771 1223 1855 similitudi·

165 1948 254 2000 nem
265 1914 483 2033 quamdam
494 1945 588 1998 cnm
600 1914 669 1997 illo
679 1915 800 1998 altero
813 1915 1047 2000 intercedere
1056 1941 1221 2001 constat.

161 2064 303 2179 Neque
315 2094 472 2175 operam
486 2062 605 2146 talem
622 2093 928 2175 supervacuam,
948 2066 1113 2176 opinor,
1128 2065 1224 2153 red-

99 2166 108 2289 l
164 2209 269 2294 didit
276 2209 449 2321 priorum
458 2208 668 2293 Editorum
680 2211 804 2324 copia.
819 2211 948 2293 lmmo
962 2212 1097 2293 mirari
1111 2213 1221 2323 lieet,

109 2390 119 2427 t
163 2356 440 2442 suavissimum
462 2357 537 2439 hoc
559 2388 748 2465 carmen,
777 2388 849 2440 nec
876 2357 1064 2442 illiberale
1083 2354 1135 2443 ud
1160 2391 1227 2444 co-

149 2502 456 2627 gnoscendum,
470 2503 687 2616 neglectum
701 2503 987 2618 propemodum
1002 2506 1142 2592 esseab
1152 2510 1222 2617 iis,

165 2657 232 2771 qui
255 2652 407 2737 libellos
434 2672 612 2737 veterum
631 2653 672 2733 in
699 2651 840 2735 scholis
867 2652 1095 2738 lectitandos
1115 2687 1224 2770 sepa7

166 2802 280 2885 ratim
299 2799 519 2883 ediderunt.
548 2797 780 2913 Neglectum
799 2822 900 2885 certe
919 2803 1039 2914 jacuit
1056 2805 1099 2885 in
1124 2802 1225 2889 Ger-

166 2952 298 3033 mania
323 2948 415 3033 inde
436 2977 459 3028 a
485 2945 697 3030 Teubnero
729 2949 927 3067 usquead
952 2981 997 3034 ea
1019 2975 1224 3065 tempora,

166 3098 484 3216 quibuslenzius
495 3100 536 3180 in
545 3096 847 3211 Encyclopaedia
855 3097 1088 3183 Scholastica
1102 3123 1228 3211 partes

127 3325 132 3334 .
165 3248 356 3367 quasdam
366 3252 448 3362 ejus
461 3250 637 3360 repetiit,
654 3249 833 3364 notisque
847 3247 1053 3332 illustravit
1070 3283 1079 3327 ε
1095 3247 1226 3333 Kreb-

164 3402 244 3483 sins
253 3421 386 3482 autem
397 3399 548 3510 primns
558 3396 635 3479 fere
646 3398 811 3501 exstitit,
831 3396 903 3511 qui
913 3396 1129 3481 versionem
1145 3399 1228 3510 ejus

167 3545 417 3630 vernaculam
437 3543 624 3657 vulgaret.
653 3543 865 3658 Postquam
898 3573 1063 3625 manum
1088 3542 1226 3627 admo-

171 3720 300 3776 vetum
318 3695 455 3807 operi,
472 3691 636 3806 oognovi
649 3688 811 3805 quidem
832 3688 1049 3773 Gesenium
1064 3752 1076 3798 ‚
1093 3691 1145 3773 V.
1168 3692 1223 3774 D.

170 3840 282 3924 idem
297 3845 375 3952 jam
389 3842 546 3949 moliri,
568 3843 842 3955 specimenque
855 3839 996 3924 laboris
1012 3845 1071 3924 sui
1085 3871 1226 3955 propo-

170 3992 321 4096 suisse3
343 3993 464 4077 nihilo
484 4015 616 4077 tamen
639 3992 794 4097 minus,
821 3992 1010 4105 quoniam
1038 3991 1229 4074 rationem

261 4139 335 4214 VI.
