2692 4672
144 300 212 394 ⁴94
525 300 811 370 excursus

144 471 237 547 217,
256 444 345 519 mnis
361 470 514 519 occasum
530 474 605 520 cnm
620 444 701 521 solis
715 447 855 540 transitu¹
871 448 907 523 in
922 449 1095 539 Tamum,
1116 480 1213 552 quem

144 561 242 638 Ovict
261 561 358 635 etiam
375 560 544 658 tetigerat,
560 563 694 662 jungit:

272 734 408 791 Candidus
419 736 516 791 auratis
530 736 613 807 aperit
628 756 710 806 quum
723 739 846 792 cornibus
860 757 961 793 aunum

268 828 389 896 Taurus,
404 838 431 883 et
442 827 551 882 adverso
564 828 660 882 cedens
677 832 755 902 Curis
769 832 863 884 occidit
872 840 951 883 astro.

141 978 222 1056 cod.
234 979 365 1053 Fames
379 976 477 1053 lectio
489 980 555 1079 jam
565 978 725 1054 medelam
737 977 884 1055 adlatura
894 996 984 1054 erat:
999 981 1113 1056 occidit
1123 1000 1206 1086 utque

139 1095 231 1168 cout's.
249 1097 352 1195 Neap.
367 1093 508 1191 conjecit
523 1123 531 1166 ε
549 1093 745 1194 essuffl'ctque,
764 1092 820 1167 alii
837 1094 1051 1195 occuliturque.
1069 1097 1133 1171 Sed
1146 1099 1204 1172 hoc

141 1212 256 1285 vitium
269 1239 288 1283 a
302 1228 400 1312 poeta
416 1208 595 1284 admissum
611 1238 699 1298 esse,
718 1238 912 1312 persuasum
925 1210 1009 1283 mihi
1021 1229 1087 1297 est,
1106 1231 1137 1287 et
1147 1214 1205 1288 lor·

140 1344 226 1402 tasse
247 1325 387 1400 aliorum
406 1324 610 1428 populorum
633 1355 722 1401 sacra
743 1325 785 1399 ad
807 1326 885 1401 Sirii
912 1345 1025 1401 ortum
1045 1327 1202 1403 celebrata
1252 1414 1255 1418 ,

139 1442 233 1545 (vid.
251 1474 324 1547 quae
340 1473 440 1547 supra
456 1444 578 1519 adduxi
594 1446 609 1542 )
628 1445 657 1519 ei
675 1460 751 1518 ante
767 1444 883 1519 oculos
901 1465 1005 1520 erant.

190 1567 238 1658 4⁰.
257 1567 299 1652 V,
318 1565 387 1664 723
404 1565 420 1662 (
436 1564 468 1638 d.
488 1590 534 1637 22
551 1564 665 1659 Mai.)

184 1681 293 1754 Nocte
311 1698 468 1781 sequente
484 1680 570 1753 diem
591 1678 681 1754 canis
699 1679 898 1775 Erigoneius
911 1680 988 1753 ecr't.
1010 1681 1046 1754 Si
1065 1705 1140 1756 cum
1155 1683 1201 1755 in-

138 1795 340 1898 terpretibus
359 1793 479 1880 facias,
502 1792 594 1868 locus
616 1811 726 1895 aperte
747 1787 849 1868 ldlsus
875 1811 934 1868 est.
962 1796 1012 1868 Hi
1037 1797 1128 1869 enim
1144 1799 1204 1870 ecit

137 1938 290 2013 accepere
306 1937 368 2011 pro
385 1908 500 1994 eninr,
521 1927 560 1982 ut
576 1895 746 1984 similibus
758 1908 839 1983 locis
856 1913 920 1997 VI,
942 1911 1036 2008 474,
1055 1910 1200 1985 exdd'ois

136 2029 222 2130 aquis
244 2057 256 2098 .·
279 2025 337 2099 sed
359 2024 516 2098 ortus'ab
537 2023 604 2097 hoc
627 2024 701 2098 loco
726 2025 952 2100 alienissimus.
968 2047 1029 2101 est.
1056 2031 1098 2102 In
1120 2031 1200 2103 hunc

136 2146 247 2246 ipsum
261 2140 348 2214 diem
364 2140 482 2214 incidit
499 2167 621 2213 occasus
636 2142 702 2241 ejus
714 2140 847 2215 heliacus
859 2144 957 2215 Taur.
981 2156 1065 2242 29⁰,
1096 2173 1117 2217 2
1131 2176 1139 2233 ;
1162 2147 1200 2219 cl.

136 2256 223 2332 Plin.
239 2256 376 2341 XVIII,
396 2280 440 2354 27
460 2282 485 2327 s.
506 2251 573 2353 67,
591 2270 623 2326 et
636 2253 774 2327 Ptolem.
794 2254 835 2328 ad
852 2255 883 2327 d.
904 2279 966 2355 27,
982 2267 1123 2354 προκύων
1139 2269 1201 2358 xpel

136 2403 245 2448 metat.
258 2371 429 2469 Quaeritur
442 2370 569 2471 itaque,
587 2397 671 2444 anne
689 2371 797 2445 verius
810 2371 857 2445 ita
872 2371 1081 2468 intelligatur
1093 2395 1202 2478 poeta,

136 2509 176 2566 ut
190 2491 257 2565 exit
274 2490 342 2564 sit:
363 2485 492 2561 decedit
509 2485 549 2559 de
566 2485 635 2560 caeli
658 2487 821 2574 statione,
842 2485 970 2582 aufugit
991 2517 1030 2562 ex
1052 2510 1204 2591 aspectu,

136 2606 248 2706 itaque
263 2601 389 2687 occidd,
416 2601 477 2674 etsi
495 2598 587 2673 valde
604 2599 757 2696 ambigue
774 2601 899 2674 dictum
917 2619 992 2689 cst,
1017 2605 1111 2680 etde
1131 2625 1203 2680 ortu

137 2720 219 2797 alibi
242 2720 362 2820 saepius
382 2717 512 2804 dicitur.
539 2718 577 2788 In
599 2714 673 2790 loco
690 2735 860 2816 sequente,
879 2746 946 2790 non
964 2746 1102 2817 possum
1119 2753 1137 2797 a
1152 2751 1200 2795 mc

136 2840 326 2938 impetrare,
345 2835 425 2936 quio
442 2833 642 2907 contrarium
658 2834 856 2907 contendere
868 2833 1049 2909 maluerim.

188 2950 235 3023 5⁰.
254 2951 321 3037 III,
341 2974 406 3048 711
427 2946 490 3045 (d.
513 2944 555 3017 16
575 2947 704 3043 Mart.)

268 3133 377 3187 Postera
392 3148 474 3199 quum
490 3138 593 3183 teneros
606 3128 710 3181 Aurora
722 3129 844 3183 refecerit
855 3129 964 3198 herbas,

318 3220 441 3291 Scorpius
454 3238 468 3272 a
481 3219 565 3288 prima
577 3229 651 3290 parte
664 3217 792 3273 videndus
804 3219 861 3273 erit.

563 3313 647 3363 alr'as:
660 3308 791 3364 notandus
804 3308 861 3361 erit.

185 3467 333 3563 Utraque
351 3461 449 3536 lectio
468 3479 580 3561 aperte
599 3478 709 3535 ortum
730 3459 810 3533 mihi
828 3461 972 3536 indicare
995 3465 1145 3551 videtur;
1168 3483 1201 3539 et

137 3576 257 3652 dubito
282 3605 323 3648 an
348 3604 366 3649 e
388 3574 496 3650 verbis
520 3573 610 3647 aliud
635 3573 715 3674 quid
734 3572 806 3647 elici
835 3576 952 3674 possit.
983 3578 1197 3652 Indicandunr

136 3698 238 3772 luisse
254 3698 390 3767 occasum
403 3692 602 3767 matutinum
610 3693 778 3792 preinorum
790 3693 958 3778 stellarum,
977 3722 1048 3768 non
1063 3695 1198 3769 dubium

138 3832 196 3888 est.
219 3816 401 3887 Euclemon
420 3839 427 3880 :
446 3822 496 3882 τοῦ
519 3816 657 3903 σκορπίου
685 3817 711 3879 οἱ
733 3824 841 3903 πρῶτοι
864 3821 980 3908 ἀστέρες
1007 3818 1136 3887 δύνουσι.
1154 3814 1199 3885 Et

138 3929 183 4000 ita
202 3924 384 4001 Columella
400 3940 433 3997 et
457 3922 595 3996 Plinius.
622 3926 687 4010 IV,
717 3922 782 3994 163
808 3926 870 4024 (d.
896 3955 907 3999 1
931 3928 1038 4027 April.
1059 3931 1074 4027 )
1099 3929 1199 4004 totius

137 4040 251 4114 sideris
268 4069 399 4116 occasus
416 4039 598 4113 matutinus
615 4039 785 4138 sequitur:
