2692 4672
790 342 1203 377 mmmmm

475 494 845 591 EXCURSUS

205 723 308 858 IN
360 721 688 861 OVIDII
740 728 1124 867 FASTOS.

538 989 780 1016 -ιο--ι

326 1227 1001 1319 EXCURSUSPRIMUS.

588 1403 733 1422 m

137 1579 174 1621 n!
187 1577 282 1621 mm
296 1575 438 1629 ΒΟΙΔΠῙΒζ
449 1579 485 1619 ΒΤ
500 1580 536 1618 It!
549 1581 640 1622 HUJUS
653 1581 792 1623 crumnis
802 1607 810 1635 ‚
819 1583 897 1635 QUOD
907 1583 939 1621 ΙΙ
951 1575 1203 1632 rrsmnsmtenrs

412 1670 580 1727 VBRMUB,
595 1675 722 1715 constuo
736 1676 771 1715 BT
786 1673 920 1715 M'HOIOE·

141 1824 419 1948 Consulum,
429 1857 520 1959 quod
529 1857 640 1931 inhoo
650 1859 793 1931 carmine
805 1857 1035 1959 componendo
1047 1854 1207 1958 spectarit

136 1996 169 2054 et
178 1978 317 2054 feliciter
330 1999 502 2056 exsecutus
512 1999 563 2056 est
572 1981 732 2071 Ovidius,
748 1980 852 2055 totius
863 1980 1079 2054 anniromani
1091 1978 1204 2068 ferias,

137 2120 333 2205 caeterosque
344 2103 504 2180 fastorum
518 2105 708 2179 notationes
723 2102 764 2177 od
782 2132 896 2177 eorum
909 2102 1059 2178 ordinem
1075 2103 1205 2204 poetice

95 2253 97 2256 ’
137 2227 307 2300 enarrandi
321 2227 408 2301 etad
422 2256 538 2303 causas
554 2255 630 2301 suas
642 2225 818 2300 revocandi
832 2225 939 2326 ipsius
950 2242 1058 2324 poetae
1070 2223 1205 2320 ingenio

137 2365 171 2421 et
186 2347 368 2422 inventioni
383 2350 429 2423 ita
445 2366 532 2424 certe
549 2347 663 2422 deberi
678 2347 828 2436 videtur,
849 2366 888 2421 ut
904 2345 1088 2437 neminem,
1107 2375 1208 2448 quem

139 2470 181 2544 ab
192 2470 281 2543 omni
290 2470 427 2571 partein
436 2471 543 2546 baone
551 2489 751 2573 praeeuntem
758 2470 933 2558 hebuerit,
944 2468 1092 2544 indicare
1101 2497 1210 2570 quea·-

137 2594 385 2670 mns..Esthaec
394 2594 430 2668 io
441 2595 664 2690 singularibus
679 2595 779 2696 hujus
793 2610 902 2697 poeto
918 2592 1096 2682 laudibus,
1110 2621 1210 2694 qnam

139 2734 172 2791 et
183 2717 220 2789 in
228 2717 361 2792 heroica
374 2716 513 2818 epistola
525 2718 697 2793 condenda
707 2718 869 2807 ,maxime
883 2734 992 2792 tamen
1003 2715 1096 2791 hand
1110 2715 1211 2792 dubio

139 2839 176 2915 in
195 2841 278 2915 Arte
295 2840 479 2927 amatoria„
492 2841 583 2942 qnod
596 2868 726 2916 remen
743 2839 858 2942 quoad-
868 2839 1069 2915 inventionis
1082 2839 1215 2916 laudem

142 2961 232 3036 hand
245 2962 341 3037 facile
353 2960 414 3037 ulli
428 2961 564 3039 camini
577 2990 718 3039 romano
729 2964 910 3039 secundum
925 2981 993 3053 est,
1010 2981 1158 3038 meretur.
1172 2970 1195 3035 ¹.

191 3085 354 3188 Princeps
372 3085 521 3160 omnium
539 3085 643 3182 igitur
664 3082 705 3159 de
722 3085 777 3160 his
794 3085 896 3161 fustis
907 3086 1050 3187 questio
1066 3110 1138 3158 esse
1154 3082 1212 3156 de·
1247 3120 1266 3127 -

143 3206 257 3297 bebit,
272 3224 376 3295 etot,
391 3208 548 3309 quicquid
565 3206 615 3283 rel
630 3209 701 3309 ipso
712 3207 947 3309 antiquitosde
964 3207 1005 3281 iis
1021 3204 1143 3292 tradat,
1160 3202 1213 3278 rel

143 3329 324 3427 fragmenta
342 3357 454 3404 eorum
469 3333 536 3405 huc
553 3331 633 3406 illuc
649 3350 790 3421 servata,
805 3327 964 3418 collecta,
983 3346 1017 3403 et
1032 3356 1050 3400 e
1068 3326 1213 3403 tenebris

144 3451 309 3527 vindicata
320 3451 511 3542 docuerint,
526 3472 674 3529 accurate
688 3452 906 3548 etdiligenter
915 3451 1098 3538 videamus,
1115 3479 1214 3552 quam

144 3574 293 3676 proxime
309 3575 348 3648 ad
367 3575 556 3650 institutum
573 3595 726 3651 nostrum
742 3575 887 3677 pertinet
909 3604 917 3649 r
940 3574 1041 3676 idque
1064 3575 1216 3677 inprimis

147 3725 251 3798 quum
269 3697 304 3769 in
322 3696 454 3773 duobus
469 3698 630 3774 fastorum
646 3701 822 3793 generibus
838 3697 1012 3797 (historicis
1024 3716 1058 3772 et
1069 3697 1214 3772 kalendo·

146 3819 228 3893 ribus
243 3816 295 3892 rel
310 3821 427 3916 sacn's)
444 3821 537 3896 valde
552 3822 683 3924 quidem
701 3821 857 3911 dirersis,
877 3850 949 3921 quae
968 3841 1075 3896 tamen
1091 3836 1219 3893 veteres

180 3997 192 4026 ¹
209 3994 289 4050 Coos.
299 3994 442 4065 judicium,
453 3997 525 4069 quod
536 3997 656 4070 dehujus
706 3999 757 4052 Vir
767 4018 887 4057 summus
899 4002 1045 4069 Bottejems
1060 3997 1092 4052 in
1103 3997 1216 4062 Sabatra,

149 4074 272 4130 carminis
290 4075 462 4136 estimatione
477 4076 581 4149 egregie
599 4077 659 4133 tulit
706 4077 792 4148 pam
811 4115 817 4129 .
