2700 5100
223 750 285 819 156
499 753 540 817 P.
569 751 746 821 OVIDII
769 752 999 823 NASONIS

266 891 311 961 Et
328 914 440 960 secum
453 885 614 989 lacrymas
630 889 850 991 invidiamque
866 892 981 965 trabit·

217 1004 349 1078 Vulnus
364 1005 460 1079 inane
478 1023 570 1106 patet
585 1008 734 1081 :Brutus
750 1006 891 1082 clamore
910 1009 1061 1105 Quirites

268 1123 439 1210 Concitat‚
457 1140 490 1197 et
506 1122 594 1218 regis
608 1123 692 1198 facta
708 1124 849 1199 nefanda
862 1125 970 1201 refert.
1225 1138 1307 1202 ἃ
1325 1115 1340 1169 ⁸

219 1239 421 1340 Tarquinius
437 1268 512 1313 cnm
528 1240 623 1340 prole
639 1240 747 1338 fugit:
763 1243 852 1343 capit
868 1272 977 1317 annua
992 1243 1111 1318 consul

265 1358 347 1429 lura
363 1387 371 1428 :
387 1357 456 1431 (lies
469 1357 579 1453 regnis
598 1357 654 1431 illa
669 1387 821 1459 suprema
838 1359 913 1434 luit.

219 1468 434 1543 Fannnun?
450 1498 493 1543 an
509 1471 594 1545 veris
611 1472 796 1571 prenuntia
812 1475 901 1545 venit
917 1471 1083 1564 hirundo,

268 1587 313 1658 Et
328 1588 464 1676 metuit,
482 1617 523 1662 ne
542 1616 606 1689 qua
623 1615 714 1662 versa
730 1608 877 1663 recurrat
895 1590 1030 1664 hiems?

222 1704 313 1804 Seps
330 1721 457 1793 minen,
478 1707 625 1793 Procne,
644 1707 784 1780 nimium
800 1736 997 1809 properasse
1016 1707 1188 1809 quereris;
1234 1729 1261 1782 t.
1275 1716 1339 1771 8

269 1817 397 1917 Virque
414 1835 472 1891 tuo
489 1820 613 1893 Tereus
629 1819 754 1913 frigore
772 1818 866 1894 laetus
882 1821 953 1894 erit.

221 1935 244 2005 J
245 1953 373 2022 AMQUE
390 1936 462 2011 dua
478 1955 602 2012 restant
615 1955 728 2011 noctes
742 1936 782 2010 de
796 1966 907 2012 mense
926 1937 1089 2024 secundo,

215 2117 306 2185 sertar.
329 2118 444 2187 Scaliger
464 2120 570 2188 conjicit
590 2122 733 2189 Exsequias
780 2124 970 2190 statrca’sps'm
982 2110 1340 2190 Oppian.Halieut.ll.1-

217 2197 308 2264 fertur,
317 2208 347 2249 ut
354 2198 454 2251 dictum
464 2200 497 2252 sit
509 2200 732 2268 quemadmodum
782 2201 845 2264 att,
856 2205 941 2273 alapas
951 2203 1048 2274 zsfv'pou
1055 2199 1212 2273 :perductae
1222 2202 1287 2271 {pao
1298 2210 1340 2239 ⁴¹

224 2280 357 2341 exseqm'as
373 2281 416 2329 a're.
428 2305 460 2317 -
471 2278 558 2329 Secum
574 2281 694 2330 r'raidr'anr
709 2289 735 2331 ct
782 2275 876 2328 Horat.
890 2276 919 2340 I,
938 2275 1020 2344 Epist.
1037 2292 1097 2340 vu,
1113 2276 1163 2340 13,
1178 2285 1340 2329 κηποι]

224 2355 350 2422 lacrymas
368 2357 463 2415 trabit,
488 2366 616 2424 quatenus
631 2356 667 2422 ii,
689 2357 733 2425 qui
782 2350 1178 2423 tempusindicaturuszecurn
1189 2345 1340 2421 zephd

226 2428 335 2495 adsunt,
347 2431 473 2505 lacrymas
482 2433 614 2503 fundunt,
626 2439 733 2489 eraclita-
783 2454 797 2478 a
809 2433 844 2484 ris
856 2443 883 2484 et
894 2430 1035 2486 hirundine
1049 2432 1142 2502 prima.
1153 2456 1167 2480 a
1184 2433 1290 2487 Favet
1301 2446 1340 2477 ¹

225 2529 284 2575 qne,
301 2511 377 2575 odio,
391 2513 562 2567 exardescunt
573 2515 600 2567 in
614 2514 733 2583 Tarqui·
781 2509 926 2565 secundum
935 2509 1066 2564 Columel.
1074 2508 1116 2564 die
1124 2510 1322 2579 septimo,.·.··.-

226 2586 308 2639 nium.
320 2589 373 2641 Pro
384 2610 411 2642 se
424 2591 532 2660 quisque
541 2592 623 2646 scelus
631 2593 732 2661 regium
782 2587 901 2640 cundum
911 2588 1059 2642 Plinsexto
1069 2598 1131 2641 ante
1139 2587 1340 2642 retrusae-1:

226 2684 255 2717 ac
268 2667 320 2717 vim
334 2679 490 2734 queruntur.
501 2695 534 2710 -
546 2672 638 2730 Inane,
653 2689 735 2738 aper·
784 2666 846 2721 ldus
857 2668 955 2737 spirare
967 2666 1143 2736 incipiebant,
1153 2677 1181 2720 et
1193 2665 1340 2724 mellifer

227 2753 292 2797 tum.
307 2745 366 2796 lloc
381 2745 408 2795 in
420 2744 477 2797 soro
491 2748 613 2801 omnibus
625 2747 735 2816 conspi-
783 2744 925 2799 hibernum
934 2745 1035 2799 caelum.
1042 2745 1066 2798 ls
1074 2744 1130 2798 dies
1138 2746 1220 2814 igitur
1228 2744 1328 2814 prin·

225 2821 349 2874 ciendum
364 2820 577 2887 praebebatur-
591 2824 656 2877 Erat
674 2835 735 2877 ante
783 2823 880 2893 cipium
898 2824 1042 2876 habebatur
1057 2823 1131 2875 reris.
1151 2823 1208 2876 Sed
1225 2840 1314 2893 qena—

226 2899 328 2952 curiam
336 2917 430 2966 corpus
439 2898 566 2953 Lucretiae
575 2922 581 2963 ;
591 2902 685 2954 vulnus
695 2921 736 2971 pa·
784 2901 856 2953 niam
869 2901 962 2954 molliti
977 2900 1031 2954 caeli
1044 2900 1080 2952 ris
1092 2898 1176 2952 serius
1189 2901 1302 2953 sentie-

228 2976 299 3029 tebat
311 2995 317 3028 :
330 2990 509 3031 convenerant
524 2981 577 3047 jam
589 2999 643 3032 non
656 2982 737 3032 modo
785 2977 878 3044 batur,
898 2978 1012 3032 hirundo
1028 2986 1126 3048 poterat
1141 2978 1214 3031 veris
1225 2999 1295 3044 prar-

230 3056 274 3123 qui
286 3055 313 3108 in
322 3057 379 3108 soro
390 3069 480 3123 erant,
492 3058 537 3111 sed
553 3059 579 3111 in
593 3068 645 3112 tota
657 3060 737 3121 urbe;
786 3055 1140 3110 enarrarunt-Attum
1149 3056 1234 3108 etiam
1243 3078 1291 3111 ver·

229 3145 385 3202 congregato
394 3153 457 3204 ergo
465 3136 562 3206 populo
572 3135 655 3202 omni,
663 3137 739 3188 Bru·
787 3143 865 3213 gente
884 3134 1047 3200 Februario,
1060 3136 1139 3186 hiems
1149 3132 1288 3189 identidem

230 3222 271 3263 tus
281 3210 384 3280 longam
394 3212 738 3282 habuitorationem,quam
787 3215 942 3270 recurrebat,
965 3223 991 3265 et
1011 3212 1070 3264 Kal.
1088 3210 1170 3263 Mart.
1189 3210 1291 3268 demum

230 3290 373 3362 Dionysius
385 3291 473 3345 refert.
483 3292 738 3361 Ed—Annaajara.
789 3289 903 3342 cedebat.
911 3290 967 3354 Ill,
977 3291 1072 3343 235.—
1080 3292 1144 3357 Qua,
1157 3304 1290 3359 qnaparte.

232 3387 351 3420 annuum
363 3370 512 3438 imperium.
524 3369 612 3424 Etiam
623 3371 677 3423 Lis.
689 3389 741 3422 no-
788 3365 993 3419 -llirundines
1000 3368 1136 3422 interdum
1145 3367 1245 3420 damno
1251 3389 1293 3424 suo

231 3463 292 3498 vam
314 3445 422 3498 civitatis
443 3444 558 3501 sormam
577 3468 624 3516 per
643 3468 741 3503 annuos
790 3442 1048 3510 reditumproperant.
1060 3445 1293 3516 Ptin.xv111,57:

232 3526 395 3589 magistratus
406 3520 518 3575 declarat
527 3542 533 3575 :
542 3533 582 3589 et,
593 3544 674 3593 quum
682 3547 742 3580 con·
792 3542 805 3567 ⁶¹
818 3522 946 3574 Nolalum
954 3532 1007 3586 est.
1017 3521 1257 3577 advenessolucres
1267 3524 1295 3578 ad

232 3600 300 3655 sules
318 3601 407 3654 omnia
426 3601 503 3669 jura,
524 3605 613 3656 omnia
631 3605 742 3676 insignia
792 3620 806 3644 ²·
817 3597 889 3650 diem
902 3620 914 3645 ‘³
928 3600 966 3651 Vl
978 3599 1037 3652 Kal·
1048 3601 1126 3654 Febr·
1138 3621 1151 3645 ¹
1162 3618 1238 3669 spem
1248 3620 1297 3654 ve-

232 3679 301 3748 regis
319 3688 460 3745 tenerent,
479 3679 574 3735 diserte
589 3692 682 3734 monet
697 3685 741 3750 ll,
794 3697 807 3722 s
820 3676 1060 3742 risattulisse,mor
1068 3677 1205 3731 saevissima
1213 3677 1298 3732 bieme

238 3777 246 3807 ι
260 3794 267 3819 ,
278 3755 462 3810 libertatemin
472 3757 604 3823 coluisse,
616 3758 686 3827 quod
695 3779 745 3811 aa·
794 3774 807 3799 ›·
819 3753 984 3808 conllictatas.
994 3777 1007 3800 u
1014 3754 1089 3808 —De
1097 3758 1204 3814 Procles
1217 3756 1297 3817 Terei,

234 3851 309 3884 naam
321 3834 462 3902 imperium
475 3836 609 3888 consulare
620 3834 745 3888 luerit-
793 3832 860 3900 regis
867 3833 891 3884 Τ
893 3831 996 3899 bracia,
1007 3851 1086 3886 uxore
1095 3829 1302 3887 inbirnndinem

236 3911 301 3961 Dies
312 3929 425 3977 suprema
438 3910 488 3965 luit
501 3932 562 3964 ann.
575 3931 599 3963 u.
612 3932 633 3965 c.
647 3916 702 3978 ²44·
794 3920 911 3977 mutata,
927 3911 985 3964 vide
1000 3913 1039 3964 Vl
1056 3912 1169 3963 Metam.
1187 3912 1236 3977 425
1249 3930 1304 3982 sqq.

267 3989 323 4041 853.
338 3992 489 4041 Hirandr'm's
499 3992 601 4042 relatas.
615 3988 744 4044 Columel.
794 3992 892 4056 Praffne
899 3988 1014 4042 deterior
1024 3988 1152 4055 scriptura
1162 3996 1215 4054 cst,
1226 4007 1303 4057 quam

237 4066 295 4131 xl,
310 4087 337 4130 a,
352 4067 382 4118 ad
397 4066 467 4119 diem
476 4069 501 4117 V
504 4067 532 4119 ll
544 4066 603 4120 Kal.
615 4069 694 4122 lltlart.
704 4070 746 4122 hi·
794 4075 884 4119 tamen
894 4065 919 4117 h.
931 4064 1049 4117 lomnes
1059 4062 1119 4115 libri
1132 4074 1253 4118 tuentur.
1261 4065 1307 4119 Est

238 4142 382 4196 rundinem
394 4144 506 4214 conspici
517 4146 559 4199 ait.
568 4146 635 4200 Plin.
646 4148 686 4207 11.
699 4152 744 4218 47:
795 4145 971 4217 veriorttpa'xss
980 4145 1082 4195 Procne.
1090 4141 1159 4197 Vide
1171 4143 1308 4198 Heinsad

239 4242 253 4266 α
267 4221 414 4273 Favonium
424 4219 529 4288 quidam
539 4242 561 4274 a.
574 4222 599 4274 d.
609 4224 678 4277 Vlll
687 4225 746 4277 Kal.
798 4222 909 4275 Metam.
922 4220 948 4272 d.
959 4219 975 4272 l.

239 4317 254 4345 a
266 4297 346 4350 Mart.
360 4294 544 4350 Chelidoniam
558 4311 649 4352 vocant
663 4300 693 4352 ab
705 4300 748 4353 lri-
829 4303 883 4368 857.
900 4300 1008 4366 Epar'ria
1022 4298 1063 4351 lll
1078 4297 1137 4351 Kal.
1155 4297 1242 4350 Mart.
1254 4300 1308 4355 scil.

240 4396 254 4421 »
266 4375 389 4428 rundinis
397 4374 461 4428 visu.
469 4396 481 4420 a
490 4378 748 4443 Vocaturverr'sprae·
797 4376 838 4430 die
850 4397 879 4444 ²7
889 4376 966 4429 Febr.
978 4374 1019 4428 De
1032 4376 1061 4429 iis
1074 4377 1182 4429 Festus:
1196 4398 1209 4421 n
1223 4375 1315 4447 Equi-

239 4459 346 4518 raram
368 4452 502 4520 AElianus,
525 4455 593 4508 Hist.
612 4454 700 4508 Anim.
718 4456 747 4522 1,
796 4476 812 4500 ν»
823 4455 882 4521 ria,
901 4453 977 4522 ludi,
997 4474 1062 4525 quos
1078 4453 1210 4508 Romulus
1227 4453 1314 4509 Marti

242 4533 273 4583 Sa
283 4570 291 4597 ,
303 4545 345 4593 ste
362 4537 421 4607 elpes
435 4544 477 4597 τῆς
490 4533 586 4610 ἀρίστης
600 4537 750 4602 ὑποσημαίνει
798 4553 812 4579 »
825 4532 937 4589 instituit
956 4552 1004 4605 per
1024 4550 1155 4603 equorum
1179 4550 1317 4599 cursum,
