<?xml version="1.0" encoding="UTF-8"?>
<!DOCTYPE html PUBLIC "-//W3C//DTD XHTML 1.0 Transitional//EN"
    "http://www.w3.org/TR/xhtml1/DTD/xhtml1-transitional.dtd">
<html xmlns="http://www.w3.org/1999/xhtml" xml:lang="en" lang="en">
 <head>
  <title>
</title>
<meta http-equiv="Content-Type" content="text/html;charset=utf-8" />
  <meta name='ocr-system' content='tesseract 3.04.00' />
  <meta name='ocr-capabilities' content='ocr_page ocr_carea ocr_par ocr_line ocrx_word'/>
</head>
<body>
  <div class='ocr_page' id='page_1' title='image "./publiiovidiinas08massgoog/publiiovidiinas08massgoog_0480.png"; bbox 0 0 2692 4672; ppageno 0'>
   <div class='ocr_carea' id='block_1_1' title="bbox 412 335 1206 434">
    <p class='ocr_par' dir='ltr' id='par_1_1' title="bbox 412 335 1206 434">
     <span class='ocr_line' id='line_1_1' title="bbox 412 335 1206 434; baseline 0 -25"><span class='ocrx_word' id='word_1_1' title='bbox 412 339 467 409; x_wconf 84' lang='lat' dir='ltr'><strong>m</strong></span> <span class='ocrx_word' id='word_1_2' title='bbox 490 338 672 407; x_wconf 87' lang='lat' dir='ltr'><strong>ovrutr</strong></span> <span class='ocrx_word' id='word_1_3' title='bbox 694 337 919 406; x_wconf 78' lang='lat' dir='ltr'><strong>essuos.</strong></span> <span class='ocrx_word' id='word_1_4' title='bbox 1130 335 1206 434; x_wconf 14' lang='lat'><strong>475⁷</strong></span> 
     </span>
    </p>
   </div>
   <div class='ocr_carea' id='block_1_2' title="bbox 131 479 1262 4144">
    <p class='ocr_par' dir='ltr' id='par_1_2' title="bbox 133 479 1203 835">
     <span class='ocr_line' id='line_1_2' title="bbox 135 479 1201 587; baseline -0.003 -27"><span class='ocrx_word' id='word_1_5' title='bbox 135 511 248 587; x_wconf 82' lang='lat' dir='ltr'><strong>opus,</strong></span> <span class='ocrx_word' id='word_1_6' title='bbox 266 509 336 557; x_wconf 93' lang='lat' dir='ltr'><strong>non</strong></span> <span class='ocrx_word' id='word_1_7' title='bbox 353 481 448 583; x_wconf 87' lang='lat' dir='ltr'><strong>parri</strong></span> <span class='ocrx_word' id='word_1_8' title='bbox 463 480 663 583; x_wconf 81' lang='lat' dir='ltr'><strong>parandum,</strong></span> <span class='ocrx_word' id='word_1_9' title='bbox 684 508 753 554; x_wconf 91' lang='lat' dir='ltr'><strong>non</strong></span> <span class='ocrx_word' id='word_1_10' title='bbox 773 479 815 554; x_wconf 94' lang='lat' dir='ltr'><strong>ad</strong></span> <span class='ocrx_word' id='word_1_11' title='bbox 833 505 952 554; x_wconf 84' lang='lat' dir='ltr'><strong>munus</strong></span> <span class='ocrx_word' id='word_1_12' title='bbox 968 495 1071 569; x_wconf 87' lang='lat' dir='ltr'><strong>esset,</strong></span> <span class='ocrx_word' id='word_1_13' title='bbox 1088 481 1201 581; x_wconf 88' lang='lat' dir='ltr'><strong>potius</strong></span> 
     </span>
     <span class='ocr_line' id='line_1_3' title="bbox 134 604 1203 713; baseline -0.007 -27"><span class='ocrx_word' id='word_1_14' title='bbox 134 609 304 713; x_wconf 81' lang='lat' dir='ltr'>specimen</span> <span class='ocrx_word' id='word_1_15' title='bbox 334 605 500 709; x_wconf 83' lang='lat' dir='ltr'><strong>quoddam</strong></span> <span class='ocrx_word' id='word_1_16' title='bbox 528 605 691 680; x_wconf 80' lang='lat' dir='ltr'><strong>laetorum</strong></span> <span class='ocrx_word' id='word_1_17' title='bbox 723 604 811 679; x_wconf 86' lang='lat' dir='ltr'><strong>iuter</strong></span> <span class='ocrx_word' id='word_1_18' title='bbox 839 632 876 680; x_wconf 88' lang='lat' dir='ltr'><strong>se</strong></span> <span class='ocrx_word' id='word_1_19' title='bbox 897 621 1203 705; x_wconf 70' lang='lat' dir='ltr'><strong>comparatorum</strong></span> 
     </span>
     <span class='ocr_line' id='line_1_4' title="bbox 133 727 1094 835; baseline -0.01 -24"><span class='ocrx_word' id='word_1_20' title='bbox 133 763 263 823; x_wconf 86' lang='lat' dir='ltr'><strong>meuse,</strong></span> <span class='ocrx_word' id='word_1_21' title='bbox 285 732 344 835; x_wconf 92' lang='lat' dir='ltr'><strong>qui</strong></span> <span class='ocrx_word' id='word_1_22' title='bbox 359 732 532 807; x_wconf 82' lang='lat' dir='ltr'><strong>uberiores</strong></span> <span class='ocrx_word' id='word_1_23' title='bbox 545 747 642 805; x_wconf 85' lang='lat' dir='ltr'><strong>notas</strong></span> <span class='ocrx_word' id='word_1_24' title='bbox 654 729 775 819; x_wconf 87' lang='lat' dir='ltr'><strong>habet,</strong></span> <span class='ocrx_word' id='word_1_25' title='bbox 795 729 977 807; x_wconf 84' lang='lat' dir='ltr'><strong>describere</strong></span> <span class='ocrx_word' id='word_1_26' title='bbox 993 727 1094 803; x_wconf 84' lang='lat' dir='ltr'><strong>volui.</strong></span> 
     </span>
    </p>

    <p class='ocr_par' dir='ltr' id='par_1_3' title="bbox 131 848 1262 4144">
     <span class='ocr_line' id='line_1_5' title="bbox 184 848 1202 954; baseline -0.006 -24"><span class='ocrx_word' id='word_1_27' title='bbox 184 859 232 931; x_wconf 93' lang='lat' dir='ltr'><strong>II.</strong></span> <span class='ocrx_word' id='word_1_28' title='bbox 257 857 406 930; x_wconf 82' lang='lat' dir='ltr'><strong>Transeo</strong></span> <span class='ocrx_word' id='word_1_29' title='bbox 426 871 537 928; x_wconf 87' lang='lat' dir='ltr'><strong>autem</strong></span> <span class='ocrx_word' id='word_1_30' title='bbox 558 853 600 929; x_wconf 90' lang='lat' dir='ltr'><strong>ad</strong></span> <span class='ocrx_word' id='word_1_31' title='bbox 616 852 708 929; x_wconf 91' lang='lat' dir='ltr'><strong>aliud</strong></span> <span class='ocrx_word' id='word_1_32' title='bbox 731 851 968 954; x_wconf 67' lang='lat' dir='ltr'><strong>qualecumque</strong></span> <span class='ocrx_word' id='word_1_33' title='bbox 990 848 1202 939; x_wconf 82' lang='lat' dir='ltr'><strong>subsidium,</strong></span> 
     </span>
     <span class='ocr_line' id='line_1_6' title="bbox 138 973 1198 1081; baseline -0.005 -28"><span class='ocrx_word' id='word_1_34' title='bbox 138 1007 206 1081; x_wconf 92' lang='lat' dir='ltr'><strong>quo</strong></span> <span class='ocrx_word' id='word_1_35' title='bbox 224 978 267 1054; x_wconf 92' lang='lat' dir='ltr'><strong>ad</strong></span> <span class='ocrx_word' id='word_1_36' title='bbox 283 977 397 1053; x_wconf 82' lang='lat' dir='ltr'><strong>Ovidii</strong></span> <span class='ocrx_word' id='word_1_37' title='bbox 424 994 655 1073; x_wconf 77' lang='lat' dir='ltr'><strong>argumentum</strong></span> <span class='ocrx_word' id='word_1_38' title='bbox 681 992 789 1051; x_wconf 87' lang='lat' dir='ltr'><strong>tamen</strong></span> <span class='ocrx_word' id='word_1_39' title='bbox 814 975 966 1078; x_wconf 87' lang='lat' dir='ltr'><strong>proxime</strong></span> <span class='ocrx_word' id='word_1_40' title='bbox 991 973 1198 1076; x_wconf 79' lang='lat' dir='ltr'><strong>pertinente,</strong></span> 
     </span>
     <span class='ocr_line' id='line_1_7' title="bbox 138 1096 1204 1205; baseline -0.008 -30"><span class='ocrx_word' id='word_1_41' title='bbox 138 1102 266 1203; x_wconf 88' lang='lat' dir='ltr'><strong>priores</strong></span> <span class='ocrx_word' id='word_1_42' title='bbox 276 1099 494 1203; x_wconf 86' lang='lat' dir='ltr'><strong>interpretes,</strong></span> <span class='ocrx_word' id='word_1_43' title='bbox 511 1126 655 1199; x_wconf 91' lang='lat' dir='ltr'><strong>quorum</strong></span> <span class='ocrx_word' id='word_1_44' title='bbox 665 1115 813 1205; x_wconf 84' lang='lat' dir='ltr'><strong>tempore</strong></span> <span class='ocrx_word' id='word_1_45' title='bbox 826 1099 971 1173; x_wconf 88' lang='lat' dir='ltr'><strong>tenebris</strong></span> <span class='ocrx_word' id='word_1_46' title='bbox 982 1097 1090 1171; x_wconf 90' lang='lat' dir='ltr'><strong>adbuc</strong></span> <span class='ocrx_word' id='word_1_47' title='bbox 1101 1096 1204 1169; x_wconf 90' lang='lat' dir='ltr'><strong>obru-</strong></span> 
     </span>
     <span class='ocr_line' id='line_1_8' title="bbox 140 1218 1206 1322; baseline -0.003 -26"><span class='ocrx_word' id='word_1_48' title='bbox 140 1242 209 1297; x_wconf 89' lang='lat' dir='ltr'><strong>tum</strong></span> <span class='ocrx_word' id='word_1_49' title='bbox 223 1223 366 1322; x_wconf 88' lang='lat' dir='ltr'><strong>jacebat,</strong></span> <span class='ocrx_word' id='word_1_50' title='bbox 383 1239 569 1297; x_wconf 77' lang='lat' dir='ltr'><strong>caruerunt</strong></span> <span class='ocrx_word' id='word_1_51' title='bbox 583 1223 725 1295; x_wconf 80' lang='lat' dir='ltr'><strong>loannis</strong></span> <span class='ocrx_word' id='word_1_52' title='bbox 734 1222 899 1295; x_wconf 73' lang='lat' dir='ltr'><strong>Imumutti&#39;</strong></span> <span class='ocrx_word' id='word_1_53' title='bbox 908 1218 1206 1320; x_wconf 88' lang='lat' dir='ltr'><strong>Philadelpbiensis</strong></span> 
     </span>
     <span class='ocr_line' id='line_1_9' title="bbox 138 1340 1206 1452; baseline -0.006 -32"><span class='ocrx_word' id='word_1_54' title='bbox 138 1344 227 1452; x_wconf 61' lang='grc' dir='ltr'><strong><em>Μ</em></strong></span> <span class='ocrx_word' id='word_1_55' title='bbox 238 1345 291 1421; x_wconf 90' lang='lat' dir='ltr'><strong>aio</strong></span> <span class='ocrx_word' id='word_1_56' title='bbox 302 1342 500 1446; x_wconf 88' lang='lat' dir='ltr'><strong>opusculum</strong></span> <span class='ocrx_word' id='word_1_57' title='bbox 517 1370 659 1438; x_wconf 74' lang='lat' dir='ltr'><strong>gruem</strong></span> <span class='ocrx_word' id='word_1_58' title='bbox 674 1341 714 1416; x_wconf 94' lang='lat' dir='ltr'><strong>de</strong></span> <span class='ocrx_word' id='word_1_59' title='bbox 723 1342 916 1431; x_wconf 90' lang='lat' dir='ltr'><strong>mensibus,</strong></span> <span class='ocrx_word' id='word_1_60' title='bbox 931 1341 1023 1442; x_wconf 94' lang='lat' dir='ltr'><strong>quod</strong></span> <span class='ocrx_word' id='word_1_61' title='bbox 1039 1369 1056 1415; x_wconf 92' lang='lat' dir='ltr'><strong>e</strong></span> <span class='ocrx_word' id='word_1_62' title='bbox 1073 1340 1206 1415; x_wconf 87' lang='lat' dir='ltr'><strong>duobus</strong></span> 
     </span>
     <span class='ocr_line' id='line_1_10' title="bbox 140 1463 1207 1566; baseline -0.007 -22"><span class='ocrx_word' id='word_1_63' title='bbox 140 1468 236 1544; x_wconf 87' lang='lat' dir='ltr'><strong>codd.</strong></span> <span class='ocrx_word' id='word_1_64' title='bbox 252 1467 425 1544; x_wconf 88' lang='lat' dir='ltr'><strong>Barberin.</strong></span> <span class='ocrx_word' id='word_1_65' title='bbox 439 1482 474 1540; x_wconf 88' lang='lat' dir='ltr'><strong>et</strong></span> <span class='ocrx_word' id='word_1_66' title='bbox 489 1467 596 1539; x_wconf 89' lang='lat' dir='ltr'><strong>Vatic.</strong></span> <span class='ocrx_word' id='word_1_67' title='bbox 612 1483 694 1566; x_wconf 89' lang='lat' dir='ltr'><strong>post</strong></span> <span class='ocrx_word' id='word_1_68' title='bbox 709 1465 876 1566; x_wconf 87' lang='lat' dir='ltr'><strong>specimen</strong></span> <span class='ocrx_word' id='word_1_69' title='bbox 892 1464 1078 1541; x_wconf 89' lang='lat' dir='ltr'><strong>exhibitum</strong></span> <span class='ocrx_word' id='word_1_70' title='bbox 1093 1463 1128 1537; x_wconf 90' lang='lat' dir='ltr'><strong>in</strong></span> <span class='ocrx_word' id='word_1_71' title='bbox 1143 1464 1207 1538; x_wconf 83' lang='lat' dir='ltr'><strong>Bi-</strong></span> 
     </span>
     <span class='ocr_line' id='line_1_11' title="bbox 139 1586 1209 1689; baseline -0.004 -24"><span class='ocrx_word' id='word_1_72' title='bbox 139 1590 284 1666; x_wconf 71' lang='lat' dir='ltr'><strong>tubitet.</strong></span> <span class='ocrx_word' id='word_1_73' title='bbox 304 1589 336 1664; x_wconf 87' lang='lat' dir='ltr'><strong>d.</strong></span> <span class='ocrx_word' id='word_1_74' title='bbox 353 1589 525 1663; x_wconf 70' lang='lat' dir='ltr'><strong>litterator</strong></span> <span class='ocrx_word' id='word_1_75' title='bbox 544 1618 575 1662; x_wconf 84' lang='lat' dir='ltr'><strong>u.</strong></span> <span class='ocrx_word' id='word_1_76' title='bbox 593 1588 715 1662; x_wconf 84' lang='lat' dir='ltr'><strong>Kunst.</strong></span> <span class='ocrx_word' id='word_1_77' title='bbox 742 1587 864 1673; x_wconf 79' lang='lat' dir='ltr'><strong>Stttct,</strong></span> <span class='ocrx_word' id='word_1_78' title='bbox 894 1613 932 1689; x_wconf 81' lang='lat'><strong>7,</strong></span> <span class='ocrx_word' id='word_1_79' title='bbox 957 1586 1079 1688; x_wconf 85' lang='lat' dir='ltr'><strong>Lipsiae</strong></span> <span class='ocrx_word' id='word_1_80' title='bbox 1103 1586 1209 1661; x_wconf 88' lang='lat' dir='ltr'><strong>edidit</strong></span> 
     </span>
     <span class='ocr_line' id='line_1_12' title="bbox 138 1709 1208 1816; baseline -0.006 -26"><span class='ocrx_word' id='word_1_81' title='bbox 138 1715 214 1790; x_wconf 84' lang='lat' dir='ltr'><strong>Nic.</strong></span> <span class='ocrx_word' id='word_1_82' title='bbox 233 1712 375 1802; x_wconf 84' lang='lat' dir='ltr'><strong>Schow,</strong></span> <span class='ocrx_word' id='word_1_83' title='bbox 394 1711 481 1816; x_wconf 87' lang='lat' dir='ltr'><strong>pros.</strong></span> <span class='ocrx_word' id='word_1_84' title='bbox 499 1712 717 1802; x_wconf 83' lang='lat' dir='ltr'><strong>llauniensis,</strong></span> <span class='ocrx_word' id='word_1_85' title='bbox 737 1712 838 1813; x_wconf 71' lang='lat'><strong>1794.</strong></span> <span class='ocrx_word' id='word_1_86' title='bbox 851 1711 962 1808; x_wconf 85' lang='lat' dir='ltr'><strong>Quam</strong></span> <span class='ocrx_word' id='word_1_87' title='bbox 978 1709 1118 1785; x_wconf 87' lang='lat' dir='ltr'><strong>maxime</strong></span> <span class='ocrx_word' id='word_1_88' title='bbox 1127 1739 1208 1807; x_wconf 90' lang='lat' dir='ltr'><strong>gau·</strong></span> 
     </span>
     <span class='ocr_line' id='line_1_13' title="bbox 145 1831 1209 1939; baseline -0.006 -28"><span class='ocrx_word' id='word_1_89' title='bbox 145 1837 227 1923; x_wconf 91' lang='lat' dir='ltr'><strong>deo,</strong></span> <span class='ocrx_word' id='word_1_90' title='bbox 252 1836 318 1936; x_wconf 87' lang='lat' dir='ltr'><strong>jam</strong></span> <span class='ocrx_word' id='word_1_91' title='bbox 334 1836 464 1939; x_wconf 91' lang='lat' dir='ltr'><strong>pridem</strong></span> <span class='ocrx_word' id='word_1_92' title='bbox 479 1834 637 1910; x_wconf 85' lang='lat' dir='ltr'><strong>Leuzium</strong></span> <span class='ocrx_word' id='word_1_93' title='bbox 653 1837 696 1908; x_wconf 87' lang='lat' dir='ltr'><strong>V.</strong></span> <span class='ocrx_word' id='word_1_94' title='bbox 716 1836 753 1910; x_wconf 86' lang='lat' dir='ltr'><strong>C.</strong></span> <span class='ocrx_word' id='word_1_95' title='bbox 772 1835 808 1908; x_wconf 91' lang='lat' dir='ltr'><strong>in</strong></span> <span class='ocrx_word' id='word_1_96' title='bbox 823 1833 911 1909; x_wconf 93' lang='lat' dir='ltr'><strong>libro</strong></span> <span class='ocrx_word' id='word_1_97' title='bbox 928 1832 1080 1921; x_wconf 88' lang='lat' dir='ltr'><strong>laudato,</strong></span> <span class='ocrx_word' id='word_1_98' title='bbox 1098 1831 1149 1906; x_wconf 85' lang='lat' dir='ltr'><strong>vel</strong></span> <span class='ocrx_word' id='word_1_99' title='bbox 1166 1831 1209 1905; x_wconf 96' lang='lat' dir='ltr'><strong>ad</strong></span> 
     </span>
     <span class='ocr_line' id='line_1_14' title="bbox 146 1955 1210 2061; baseline -0.004 -28"><span class='ocrx_word' id='word_1_100' title='bbox 146 1959 312 2061; x_wconf 86' lang='lat' dir='ltr'><strong>specimen</strong></span> <span class='ocrx_word' id='word_1_101' title='bbox 329 1957 434 2049; x_wconf 92' lang='lat' dir='ltr'><strong>illud,</strong></span> <span class='ocrx_word' id='word_1_102' title='bbox 453 1958 544 2061; x_wconf 93' lang='lat' dir='ltr'><strong>quod</strong></span> <span class='ocrx_word' id='word_1_103' title='bbox 558 1959 601 2033; x_wconf 88' lang='lat' dir='ltr'><strong>ad</strong></span> <span class='ocrx_word' id='word_1_104' title='bbox 616 1959 682 2033; x_wconf 94' lang='lat' dir='ltr'><strong>boc</strong></span> <span class='ocrx_word' id='word_1_105' title='bbox 698 1973 928 2054; x_wconf 78' lang='lat' dir='ltr'><strong>argumentum</strong></span> <span class='ocrx_word' id='word_1_106' title='bbox 944 1956 1096 2031; x_wconf 90' lang='lat' dir='ltr'><strong>accedere</strong></span> <span class='ocrx_word' id='word_1_107' title='bbox 1112 1955 1210 2029; x_wconf 85' lang='lat' dir='ltr'><strong>vide-</strong></span> 
     </span>
     <span class='ocr_line' id='line_1_15' title="bbox 141 2079 1210 2183; baseline -0.007 -25"><span class='ocrx_word' id='word_1_108' title='bbox 141 2084 222 2173; x_wconf 87' lang='lat' dir='ltr'><strong>bat,</strong></span> <span class='ocrx_word' id='word_1_109' title='bbox 240 2082 387 2158; x_wconf 91' lang='lat' dir='ltr'><strong>animum</strong></span> <span class='ocrx_word' id='word_1_110' title='bbox 404 2082 584 2158; x_wconf 88' lang='lat' dir='ltr'><strong>attendisse</strong></span> <span class='ocrx_word' id='word_1_111' title='bbox 603 2082 739 2183; x_wconf 89' lang='lat' dir='ltr'><strong>ejusque</strong></span> <span class='ocrx_word' id='word_1_112' title='bbox 756 2080 830 2156; x_wconf 90' lang='lat' dir='ltr'><strong>loca</strong></span> <span class='ocrx_word' id='word_1_113' title='bbox 846 2108 921 2155; x_wconf 91' lang='lat' dir='ltr'><strong>cum</strong></span> <span class='ocrx_word' id='word_1_114' title='bbox 938 2079 1061 2154; x_wconf 88' lang='lat' dir='ltr'><strong>Ovidio</strong></span> <span class='ocrx_word' id='word_1_115' title='bbox 1077 2106 1210 2180; x_wconf 91' lang='lat' dir='ltr'><strong>compa·</strong></span> 
     </span>
     <span class='ocr_line' id='line_1_16' title="bbox 142 2201 1209 2306; baseline -0.006 -25"><span class='ocrx_word' id='word_1_116' title='bbox 142 2233 249 2293; x_wconf 82' lang='lat' dir='ltr'><strong>rasse;</strong></span> <span class='ocrx_word' id='word_1_117' title='bbox 270 2205 371 2305; x_wconf 87' lang='lat' dir='ltr'><strong>hujus</strong></span> <span class='ocrx_word' id='word_1_118' title='bbox 382 2223 492 2280; x_wconf 86' lang='lat' dir='ltr'><strong>autem</strong></span> <span class='ocrx_word' id='word_1_119' title='bbox 504 2203 569 2279; x_wconf 90' lang='lat' dir='ltr'><strong>loci</strong></span> <span class='ocrx_word' id='word_1_120' title='bbox 583 2204 794 2306; x_wconf 90' lang='lat' dir='ltr'><strong>potissimum</strong></span> <span class='ocrx_word' id='word_1_121' title='bbox 809 2231 879 2281; x_wconf 85' lang='lat' dir='ltr'><strong>esse</strong></span> <span class='ocrx_word' id='word_1_122' title='bbox 888 2202 1002 2305; x_wconf 80' lang='lat' dir='ltr'><strong>putavi</strong></span> <span class='ocrx_word' id='word_1_123' title='bbox 1015 2255 1026 2292; x_wconf 91' lang='lat'><strong>,</strong></span> <span class='ocrx_word' id='word_1_124' title='bbox 1040 2201 1209 2304; x_wconf 92' lang='lat' dir='ltr'><strong>quomodo</strong></span> 
     </span>
     <span class='ocr_line' id='line_1_17' title="bbox 144 2325 1208 2429; baseline -0.004 -27"><span class='ocrx_word' id='word_1_125' title='bbox 144 2328 210 2402; x_wconf 89' lang='lat' dir='ltr'><strong>boc</strong></span> <span class='ocrx_word' id='word_1_126' title='bbox 239 2327 400 2429; x_wconf 89' lang='lat' dir='ltr'><strong>scriptore</strong></span> <span class='ocrx_word' id='word_1_127' title='bbox 422 2327 459 2401; x_wconf 88' lang='lat' dir='ltr'><strong>in</strong></span> <span class='ocrx_word' id='word_1_128' title='bbox 484 2327 607 2403; x_wconf 84' lang='lat' dir='ltr'><strong>Ovidio</strong></span> <span class='ocrx_word' id='word_1_129' title='bbox 629 2327 788 2403; x_wconf 87' lang='lat' dir='ltr'><strong>utendum</strong></span> <span class='ocrx_word' id='word_1_130' title='bbox 811 2327 881 2415; x_wconf 89' lang='lat' dir='ltr'><strong>sit,</strong></span> <span class='ocrx_word' id='word_1_131' title='bbox 901 2325 1016 2428; x_wconf 87' lang='lat' dir='ltr'><strong>paucis</strong></span> <span class='ocrx_word' id='word_1_132' title='bbox 1040 2325 1208 2400; x_wconf 87' lang='lat' dir='ltr'><strong>adnotare.</strong></span> 
     </span>
     <span class='ocr_line' id='line_1_18' title="bbox 146 2446 1262 2552; baseline 0.001 -31"><span class='ocrx_word' id='word_1_133' title='bbox 146 2446 368 2541; x_wconf 86' lang='lat' dir='ltr'><strong>Cougeritbic</strong></span> <span class='ocrx_word' id='word_1_134' title='bbox 378 2447 481 2522; x_wconf 92' lang='lat' dir='ltr'><strong>seculi</strong></span> <span class='ocrx_word' id='word_1_135' title='bbox 493 2450 576 2525; x_wconf 86' lang='lat' dir='ltr'><strong>sexti</strong></span> <span class='ocrx_word' id='word_1_136' title='bbox 593 2449 789 2552; x_wconf 88' lang='lat' dir='ltr'><strong>compilator</strong></span> <span class='ocrx_word' id='word_1_137' title='bbox 801 2448 983 2524; x_wconf 81' lang='lat' dir='ltr'><strong>adversaria</strong></span> <span class='ocrx_word' id='word_1_138' title='bbox 994 2447 1211 2522; x_wconf 85' lang='lat' dir='ltr'><strong>suaemultis</strong></span> <span class='ocrx_word' id='word_1_139' title='bbox 1259 2525 1262 2536; x_wconf 68' lang='grc'>,</span> 
     </span>
     <span class='ocr_line' id='line_1_19' title="bbox 145 2567 1212 2671; baseline 0.005 -30"><span class='ocrx_word' id='word_1_140' title='bbox 145 2567 367 2671; x_wconf 88' lang='lat' dir='ltr'><strong>scriptoribus</strong></span> <span class='ocrx_word' id='word_1_141' title='bbox 378 2586 474 2644; x_wconf 86' lang='lat' dir='ltr'><strong>antea</strong></span> <span class='ocrx_word' id='word_1_142' title='bbox 484 2569 551 2646; x_wconf 85' lang='lat' dir='ltr'><strong>sere</strong></span> <span class='ocrx_word' id='word_1_143' title='bbox 563 2572 706 2667; x_wconf 87' lang='lat' dir='ltr'><strong>ignotis,</strong></span> <span class='ocrx_word' id='word_1_144' title='bbox 720 2588 770 2661; x_wconf 84' lang='lat' dir='ltr'><strong>et,</strong></span> <span class='ocrx_word' id='word_1_145' title='bbox 789 2571 941 2647; x_wconf 89' lang='lat' dir='ltr'><strong>utmulta</strong></span> <span class='ocrx_word' id='word_1_146' title='bbox 950 2568 1066 2644; x_wconf 82' lang='lat' dir='ltr'><strong>frivola</strong></span> <span class='ocrx_word' id='word_1_147' title='bbox 1073 2598 1212 2671; x_wconf 82' lang='lat' dir='ltr'><strong>praeser-</strong></span> 
     </span>
     <span class='ocr_line' id='line_1_20' title="bbox 146 2691 1212 2783; baseline 0.006 -20"><span class='ocrx_word' id='word_1_148' title='bbox 146 2692 205 2766; x_wconf 83' lang='lat' dir='ltr'><strong>tim</strong></span> <span class='ocrx_word' id='word_1_149' title='bbox 222 2692 294 2766; x_wconf 87' lang='lat' dir='ltr'><strong>sine</strong></span> <span class='ocrx_word' id='word_1_150' title='bbox 310 2691 402 2765; x_wconf 93' lang='lat' dir='ltr'><strong>omni</strong></span> <span class='ocrx_word' id='word_1_151' title='bbox 420 2692 535 2769; x_wconf 88' lang='lat' dir='ltr'><strong>ordine</strong></span> <span class='ocrx_word' id='word_1_152' title='bbox 551 2723 627 2771; x_wconf 90' lang='lat' dir='ltr'><strong>eum</strong></span> <span class='ocrx_word' id='word_1_153' title='bbox 644 2695 797 2776; x_wconf 83' lang='lat' dir='ltr'><strong>exhibere</strong></span> <span class='ocrx_word' id='word_1_154' title='bbox 815 2723 912 2769; x_wconf 90' lang='lat' dir='ltr'><strong>nemo</strong></span> <span class='ocrx_word' id='word_1_155' title='bbox 930 2692 1056 2769; x_wconf 84' lang='lat' dir='ltr'><strong>inficias</strong></span> <span class='ocrx_word' id='word_1_156' title='bbox 1074 2710 1148 2783; x_wconf 85' lang='lat' dir='ltr'><strong>eat,</strong></span> <span class='ocrx_word' id='word_1_157' title='bbox 1164 2694 1212 2769; x_wconf 87' lang='lat' dir='ltr'><strong>ita</strong></span> 
     </span>
     <span class='ocr_line' id='line_1_21' title="bbox 145 2812 1210 2921; baseline 0.005 -32"><span class='ocrx_word' id='word_1_158' title='bbox 145 2815 269 2916; x_wconf 92' lang='lat' dir='ltr'><strong>passim</strong></span> <span class='ocrx_word' id='word_1_159' title='bbox 287 2812 359 2890; x_wconf 90' lang='lat' dir='ltr'><strong>loca</strong></span> <span class='ocrx_word' id='word_1_160' title='bbox 374 2815 441 2890; x_wconf 89' lang='lat' dir='ltr'><strong>boc</strong></span> <span class='ocrx_word' id='word_1_161' title='bbox 462 2836 688 2913; x_wconf 78' lang='lat' dir='ltr'><strong>argumentum</strong></span> <span class='ocrx_word' id='word_1_162' title='bbox 708 2817 860 2921; x_wconf 85' lang='lat' dir='ltr'><strong>praeclare</strong></span> <span class='ocrx_word' id='word_1_163' title='bbox 880 2815 1078 2892; x_wconf 84' lang='lat' dir='ltr'><strong>illustrantia</strong></span> <span class='ocrx_word' id='word_1_164' title='bbox 1099 2817 1130 2892; x_wconf 95' lang='lat' dir='ltr'><strong>ei</strong></span> <span class='ocrx_word' id='word_1_165' title='bbox 1153 2817 1210 2894; x_wconf 91' lang='lat' dir='ltr'><strong>de·</strong></span> 
     </span>
     <span class='ocr_line' id='line_1_22' title="bbox 145 2937 1210 3041; baseline 0.008 -31"><span class='ocrx_word' id='word_1_166' title='bbox 145 2937 217 3011; x_wconf 91' lang='lat' dir='ltr'><strong>beri</strong></span> <span class='ocrx_word' id='word_1_167' title='bbox 229 2937 474 3014; x_wconf 90' lang='lat' dir='ltr'><strong>concedendum</strong></span> <span class='ocrx_word' id='word_1_168' title='bbox 486 2957 545 3014; x_wconf 85' lang='lat' dir='ltr'><strong>est.</strong></span> <span class='ocrx_word' id='word_1_169' title='bbox 554 2942 604 3015; x_wconf 90' lang='lat' dir='ltr'><strong>Ut</strong></span> <span class='ocrx_word' id='word_1_170' title='bbox 610 2940 682 3016; x_wconf 89' lang='lat' dir='ltr'><strong>fieri</strong></span> <span class='ocrx_word' id='word_1_171' title='bbox 695 2939 823 3017; x_wconf 86' lang='lat' dir='ltr'><strong>soletin</strong></span> <span class='ocrx_word' id='word_1_172' title='bbox 834 2940 1210 3041; x_wconf 84' lang='lat' dir='ltr'><strong>ejusmodihomiuibus,</strong></span> 
     </span>
     <span class='ocr_line' id='line_1_23' title="bbox 147 3060 1212 3166; baseline 0.005 -34"><span class='ocrx_word' id='word_1_173' title='bbox 147 3089 204 3144; x_wconf 91' lang='lat' dir='ltr'><strong>ea,</strong></span> <span class='ocrx_word' id='word_1_174' title='bbox 228 3087 300 3160; x_wconf 81' lang='lat' dir='ltr'><strong>qua</strong></span> <span class='ocrx_word' id='word_1_175' title='bbox 315 3060 467 3162; x_wconf 89' lang='lat' dir='ltr'><strong>ipsorum</strong></span> <span class='ocrx_word' id='word_1_176' title='bbox 485 3079 578 3153; x_wconf 86' lang='lat' dir='ltr'><strong>suut,</strong></span> <span class='ocrx_word' id='word_1_177' title='bbox 593 3060 790 3166; x_wconf 89' lang='lat' dir='ltr'><strong>plerumque</strong></span> <span class='ocrx_word' id='word_1_178' title='bbox 807 3063 940 3165; x_wconf 92' lang='lat' dir='ltr'><strong>quidem</strong></span> <span class='ocrx_word' id='word_1_179' title='bbox 952 3092 1035 3139; x_wconf 86' lang='lat' dir='ltr'><strong>vana</strong></span> <span class='ocrx_word' id='word_1_180' title='bbox 1052 3081 1085 3139; x_wconf 85' lang='lat' dir='ltr'><strong>et</strong></span> <span class='ocrx_word' id='word_1_181' title='bbox 1099 3064 1212 3166; x_wconf 86' lang='lat' dir='ltr'><strong>inepta</strong></span> 
     </span>
     <span class='ocr_line' id='line_1_24' title="bbox 148 3181 1212 3290; baseline 0.003 -37"><span class='ocrx_word' id='word_1_182' title='bbox 148 3181 371 3281; x_wconf 90' lang='lat' dir='ltr'><strong>reperiuntur,</strong></span> <span class='ocrx_word' id='word_1_183' title='bbox 385 3184 443 3259; x_wconf 90' lang='lat' dir='ltr'><strong>scd</strong></span> <span class='ocrx_word' id='word_1_184' title='bbox 452 3203 624 3260; x_wconf 82' lang='lat' dir='ltr'><strong>servarunt</strong></span> <span class='ocrx_word' id='word_1_185' title='bbox 636 3185 734 3260; x_wconf 90' lang='lat' dir='ltr'><strong>nobis</strong></span> <span class='ocrx_word' id='word_1_186' title='bbox 745 3187 949 3290; x_wconf 91' lang='lat' dir='ltr'><strong>optimorum</strong></span> <span class='ocrx_word' id='word_1_187' title='bbox 962 3186 1058 3260; x_wconf 91' lang='lat' dir='ltr'><strong>etiam</strong></span> <span class='ocrx_word' id='word_1_188' title='bbox 1070 3184 1212 3285; x_wconf 90' lang='lat' dir='ltr'><strong>scripto-</strong></span> 
     </span>
     <span class='ocr_line' id='line_1_25' title="bbox 149 3307 1212 3410; baseline 0.005 -33"><span class='ocrx_word' id='word_1_189' title='bbox 149 3333 241 3395; x_wconf 88' lang='lat' dir='ltr'><strong>mm,</strong></span> <span class='ocrx_word' id='word_1_190' title='bbox 259 3331 345 3405; x_wconf 91' lang='lat' dir='ltr'><strong>quos</strong></span> <span class='ocrx_word' id='word_1_191' title='bbox 356 3322 434 3380; x_wconf 89' lang='lat' dir='ltr'><strong>tunc</strong></span> <span class='ocrx_word' id='word_1_192' title='bbox 448 3308 608 3410; x_wconf 84' lang='lat' dir='ltr'><strong>temporis</strong></span> <span class='ocrx_word' id='word_1_193' title='bbox 620 3309 773 3384; x_wconf 84' lang='lat' dir='ltr'><strong>manibus</strong></span> <span class='ocrx_word' id='word_1_194' title='bbox 783 3309 892 3382; x_wconf 93' lang='lat' dir='ltr'><strong>adbuc</strong></span> <span class='ocrx_word' id='word_1_195' title='bbox 903 3307 1067 3394; x_wconf 88' lang='lat' dir='ltr'><strong>terebant,</strong></span> <span class='ocrx_word' id='word_1_196' title='bbox 1081 3323 1212 3382; x_wconf 90' lang='lat' dir='ltr'><strong>seuten-</strong></span> 
     </span>
     <span class='ocr_line' id='line_1_26' title="bbox 150 3424 1212 3530; baseline 0.006 -32"><span class='ocrx_word' id='word_1_197' title='bbox 150 3425 212 3501; x_wconf 89' lang='lat' dir='ltr'><strong>tias</strong></span> <span class='ocrx_word' id='word_1_198' title='bbox 230 3444 263 3500; x_wconf 86' lang='lat' dir='ltr'><strong>et</strong></span> <span class='ocrx_word' id='word_1_199' title='bbox 279 3424 371 3515; x_wconf 91' lang='lat' dir='ltr'><strong>loca,</strong></span> <span class='ocrx_word' id='word_1_200' title='bbox 389 3444 430 3501; x_wconf 88' lang='lat' dir='ltr'><strong>ut</strong></span> <span class='ocrx_word' id='word_1_201' title='bbox 445 3446 484 3504; x_wconf 88' lang='lat' dir='ltr'><strong>ut</strong></span> <span class='ocrx_word' id='word_1_202' title='bbox 497 3430 663 3505; x_wconf 85' lang='lat' dir='ltr'><strong>interdum</strong></span> <span class='ocrx_word' id='word_1_203' title='bbox 677 3430 812 3505; x_wconf 82' lang='lat' dir='ltr'><strong>confusa</strong></span> <span class='ocrx_word' id='word_1_204' title='bbox 823 3446 855 3502; x_wconf 89' lang='lat' dir='ltr'><strong>et</strong></span> <span class='ocrx_word' id='word_1_205' title='bbox 869 3430 1018 3516; x_wconf 86' lang='lat' dir='ltr'><strong>turbata,</strong></span> <span class='ocrx_word' id='word_1_206' title='bbox 1035 3429 1070 3503; x_wconf 89' lang='lat' dir='ltr'><strong>in</strong></span> <span class='ocrx_word' id='word_1_207' title='bbox 1087 3429 1212 3530; x_wconf 90' lang='lat' dir='ltr'><strong>quibus</strong></span> 
     </span>
     <span class='ocr_line' id='line_1_27' title="bbox 150 3547 1212 3649; baseline 0.006 -28"><span class='ocrx_word' id='word_1_208' title='bbox 150 3547 362 3649; x_wconf 87' lang='lat' dir='ltr'><strong>expediendis</strong></span> <span class='ocrx_word' id='word_1_209' title='bbox 376 3549 467 3624; x_wconf 88' lang='lat' dir='ltr'><strong>baud</strong></span> <span class='ocrx_word' id='word_1_210' title='bbox 485 3579 560 3625; x_wconf 91' lang='lat' dir='ltr'><strong>raro</strong></span> <span class='ocrx_word' id='word_1_211' title='bbox 581 3570 734 3628; x_wconf 89' lang='lat' dir='ltr'><strong>nostrum</strong></span> <span class='ocrx_word' id='word_1_212' title='bbox 752 3579 888 3627; x_wconf 89' lang='lat' dir='ltr'><strong>acumen</strong></span> <span class='ocrx_word' id='word_1_213' title='bbox 910 3568 1070 3626; x_wconf 84' lang='lat' dir='ltr'><strong>exercent.</strong></span> <span class='ocrx_word' id='word_1_214' title='bbox 1089 3553 1130 3626; x_wconf 92' lang='lat' dir='ltr'><strong>In</strong></span> <span class='ocrx_word' id='word_1_215' title='bbox 1146 3551 1212 3626; x_wconf 91' lang='lat' dir='ltr'><strong>hoc</strong></span> 
     </span>
     <span class='ocr_line' id='line_1_28' title="bbox 131 3671 1213 3777; baseline 0.003 -32"><span class='ocrx_word' id='word_1_216' title='bbox 131 3689 286 3761; x_wconf 81' lang='lat' dir='ltr'><strong>nostro,</strong></span> <span class='ocrx_word' id='word_1_217' title='bbox 304 3673 393 3746; x_wconf 88' lang='lat' dir='ltr'><strong>utin</strong></span> <span class='ocrx_word' id='word_1_218' title='bbox 411 3702 477 3775; x_wconf 89' lang='lat' dir='ltr'><strong>quo</strong></span> <span class='ocrx_word' id='word_1_219' title='bbox 493 3671 576 3763; x_wconf 92' lang='lat' dir='ltr'><strong>alio,</strong></span> <span class='ocrx_word' id='word_1_220' title='bbox 594 3692 688 3749; x_wconf 89' lang='lat' dir='ltr'><strong>caute</strong></span> <span class='ocrx_word' id='word_1_221' title='bbox 704 3673 899 3750; x_wconf 82' lang='lat' dir='ltr'><strong>versandum</strong></span> <span class='ocrx_word' id='word_1_222' title='bbox 915 3674 995 3762; x_wconf 88' lang='lat' dir='ltr'><strong>erit,</strong></span> <span class='ocrx_word' id='word_1_223' title='bbox 1010 3705 1114 3777; x_wconf 91' lang='lat' dir='ltr'><strong>quum</strong></span> <span class='ocrx_word' id='word_1_224' title='bbox 1123 3674 1213 3749; x_wconf 86' lang='lat' dir='ltr'><strong>haud</strong></span> 
     </span>
     <span class='ocr_line' id='line_1_29' title="bbox 151 3792 1211 3898; baseline 0.005 -34"><span class='ocrx_word' id='word_1_225' title='bbox 151 3792 244 3868; x_wconf 79' lang='lat' dir='ltr'><strong>facile</strong></span> <span class='ocrx_word' id='word_1_226' title='bbox 263 3793 389 3895; x_wconf 78' lang='lat' dir='ltr'><strong>aliquis‘</strong></span> <span class='ocrx_word' id='word_1_227' title='bbox 399 3813 519 3884; x_wconf 89' lang='lat' dir='ltr'><strong>exstet,</strong></span> <span class='ocrx_word' id='word_1_228' title='bbox 533 3797 589 3898; x_wconf 93' lang='lat' dir='ltr'><strong>qni</strong></span> <span class='ocrx_word' id='word_1_229' title='bbox 599 3825 652 3871; x_wconf 91' lang='lat' dir='ltr'><strong>res</strong></span> <span class='ocrx_word' id='word_1_230' title='bbox 665 3796 802 3872; x_wconf 84' lang='lat' dir='ltr'><strong>maxime</strong></span> <span class='ocrx_word' id='word_1_231' title='bbox 818 3796 938 3872; x_wconf 87' lang='lat' dir='ltr'><strong>alienas</strong></span> <span class='ocrx_word' id='word_1_232' title='bbox 948 3799 1052 3895; x_wconf 86' lang='lat' dir='ltr'><strong>magis</strong></span> <span class='ocrx_word' id='word_1_233' title='bbox 1061 3797 1211 3884; x_wconf 88' lang='lat' dir='ltr'><strong>misceat,</strong></span> 
     </span>
     <span class='ocr_line' id='line_1_30' title="bbox 156 3917 1215 4019; baseline 0.005 -31"><span class='ocrx_word' id='word_1_234' title='bbox 156 3933 189 3989; x_wconf 90' lang='lat' dir='ltr'><strong>et</strong></span> <span class='ocrx_word' id='word_1_235' title='bbox 205 3945 420 4019; x_wconf 79' lang='lat' dir='ltr'><strong>quecumque</strong></span> <span class='ocrx_word' id='word_1_236' title='bbox 435 3918 466 3994; x_wconf 92' lang='lat' dir='ltr'><strong>ei</strong></span> <span class='ocrx_word' id='word_1_237' title='bbox 482 3918 568 3998; x_wconf 84' lang='lat' dir='ltr'><strong>sorte</strong></span> <span class='ocrx_word' id='word_1_238' title='bbox 584 3920 836 4011; x_wconf 88' lang='lat' dir='ltr'><strong>succurrebant,</strong></span> <span class='ocrx_word' id='word_1_239' title='bbox 855 3921 925 3996; x_wconf 90' lang='lat' dir='ltr'><strong>siue</strong></span> <span class='ocrx_word' id='word_1_240' title='bbox 939 3937 1026 3996; x_wconf 84' lang='lat' dir='ltr'><strong>certa</strong></span> <span class='ocrx_word' id='word_1_241' title='bbox 1037 3917 1163 3991; x_wconf 91' lang='lat' dir='ltr'><strong>ratione</strong></span> <span class='ocrx_word' id='word_1_242' title='bbox 1180 3932 1215 3993; x_wconf 77' lang='lat' dir='ltr'><strong>et</strong></span> 
     </span>
     <span class='ocr_line' id='line_1_31' title="bbox 153 4039 1214 4144; baseline 0.006 -31"><span class='ocrx_word' id='word_1_243' title='bbox 153 4039 290 4115; x_wconf 88' lang='lat' dir='ltr'><strong>consilio</strong></span> <span class='ocrx_word' id='word_1_244' title='bbox 307 4041 446 4139; x_wconf 89' lang='lat' dir='ltr'><strong>jungat,</strong></span> <span class='ocrx_word' id='word_1_245' title='bbox 466 4041 514 4117; x_wconf 86' lang='lat' dir='ltr'><strong>ita</strong></span> <span class='ocrx_word' id='word_1_246' title='bbox 537 4059 576 4124; x_wconf 86' lang='lat' dir='ltr'><strong>ut</strong></span> <span class='ocrx_word' id='word_1_247' title='bbox 599 4061 693 4120; x_wconf 88' lang='lat' dir='ltr'><strong>totus</strong></span> <span class='ocrx_word' id='word_1_248' title='bbox 711 4040 797 4119; x_wconf 90' lang='lat' dir='ltr'><strong>liber</strong></span> <span class='ocrx_word' id='word_1_249' title='bbox 815 4044 929 4144; x_wconf 89' lang='lat' dir='ltr'><strong>potius</strong></span> <span class='ocrx_word' id='word_1_250' title='bbox 956 4039 1214 4120; x_wconf 82' lang='lat' dir='ltr'><strong>adversariorum</strong></span> 
     </span>
    </p>
   </div>
   <div class='ocr_carea' id='block_1_3' title="bbox 0 0 1371 4672">
    <p class='ocr_par' dir='ltr' id='par_1_4' title="bbox 0 0 1371 4672">
     <span class='ocr_line' id='line_1_32' title="bbox 0 0 1371 4672; baseline 0 0"><span class='ocrx_word' id='word_1_251' title='bbox 0 0 1371 4672; x_wconf 95' lang='lat' dir='ltr'><strong> </strong></span> 
     </span>
    </p>
   </div>
  </div>
 </body>
</html>
