2692 4672
218 378 283 442 5oo
603 371 887 443 EXCURSUS

212 516 279 590 coli
292 513 391 589 soliti.
408 513 492 587 Aliis
508 530 593 588 terra
608 512 801 602 videbatur,
817 513 913 615 quod
930 502 1042 587 semen
1057 515 1278 618 recipiebant,

214 659 283 732 qno
299 631 395 703 etiarn
416 627 497 730 Opis
507 629 650 703 eonn'nit
666 657 848 726 cognomen
866 646 1001 732 spectat.

262 745 428 819 Vertumni
440 772 574 845 quoque
587 762 621 817 et
636 744 785 819 Pomone
799 744 956 819 memoria
970 739 1181 836 flaminibus,
1200 767 1277 825 tem·

214 860 300 962 plis,
317 877 350 934 et
360 860 450 933 seriis
464 858 624 933 celebrata
635 860 867 941 est.,Ponnonae
875 888 996 934 munus
1011 889 1135 935 nomen
1147 865 1276 964 prodit3

212 980 253 1054 de
268 981 452 1055 Vertumno
470 977 535 1079 ipsi
553 995 677 1051 veteres
693 977 859 1052 interdum
874 976 1094 1067 dissentiunt3
1111 1009 1152 1055 eo
1171 999 1274 1058 tamen

209 1097 351 1200 plurima
362 1114 554 1184 recurrunt,
573 1095 684 1195 ipsum
697 1122 819 1169 nomen
833 1124 955 1170 monus
969 1095 1041 1195 ejus
1053 1097 1215 1189 indicare,
1228 1102 1273 1176 ita

207 1233 246 1290 ut
265 1212 355 1287 omni
371 1240 481 1285 rernm
496 1209 740 1300 vicissitudini,
763 1213 841 1287 anni
860 1212 958 1286 etiam
983 1212 1121 1289 diversis
1145 1233 1271 1319 tempo-

207 1331 303 1405 ribus
322 1345 484 1430 praeesset
504 1326 724 1403 Locuselass.
742 1328 831 1431 apud
849 1330 951 1429 Prop.
972 1331 1034 1420 lv,
1053 1354 1084 1402 2.

255 1445 409 1521 Proxime
430 1443 576 1518 eamdem
602 1443 646 1516 ob
672 1443 834 1518 rationem
858 1445 900 1518 ad
925 1474 1001 1520 eum
1024 1445 1147 1521 accedit
1165 1450 1269 1523 Anna

206 1563 368 1649 Perenna,
389 1561 425 1633 in
442 1560 535 1659 cujus
550 1557 635 1633 festo
649 1588 729 1647 ver,
754 1561 858 1634 larum
875 1563 952 1635 anni
964 1577 1083 1663 tempos
1101 1565 1195 1664 spotia
1213 1593 1267 1640 suo

205 1679 352 1766 rediens,
366 1674 500 1779 publica
514 1674 626 1749 latitia
644 1677 857 1778 excipiebant.
872 1678 1014 1753 Ovidius
1027 1679 1155 1755 malms
1168 1699 1217 1755 est
1229 1683 1268 1756 de

205 1795 369 1870 hilaritate
386 1811 420 1867 et
437 1791 557 1889 gaudio
574 1792 739 1867 interdum
757 1793 888 1883 effuso,
908 1793 960 1869 cui
978 1826 1042 1872 suo
1059 1796 1169 1872 adhue
1187 1817 1268 1873 tem-

203 1939 284 2014 pore
299 1909 466 1995 bibendo‚
483 1906 642 2006 jocando,
662 1907 824 1982 cantando
838 1925 870 1981 et
881 1908 1031 1983 saltando
1045 1910 1083 1984 in
1096 1913 1199 1986 Anne
1210 1941 1267 1986 ne·

205 2053 296 2099 more
313 2026 354 2100 ad
368 2042 505 2125 pontem
519 2023 672 2098 Milvium
686 2023 914 2120 indulgebant.
929 2025 1091 2114 Ovidius,
1111 2028 1170 2129 qni
1184 2028 1219 2103 in
1231 2057 1267 2103 ea

205 2131 396 2242 explicanda
407 2140 540 2241 quidem
551 2137 680 2214 fabulas
690 2137 904 2214 alienissimae
917 2137 1096 2229 admiscet,
1117 2162 1151 2217 et
1162 2145 1195 2219 in
1205 2142 1265 2218 alia

204 2258 312 2332 omnia
330 2257 425 2344 abit,
449 2255 530 2329 alibi
545 2274 671 2329 tamen·
678 2254 852 2330 manifesto
869 2257 978 2360 ipsam
994 2257 1036 2330 ad
1057 2259 1153 2333 Anni
1172 2261 1265 2333 initia

200 2373 309 2449 fausta
322 2374 424 2448 refert
448 2375 464 2470 (
483 2374 558 2460 lll,
586 2369 677 2465 145,
706 2371 775 2465 146
790 2373 829 2472 ),
853 2373 881 2446 si
899 2373 1033 2474 quidem
1044 2375 1131 2448 anni
1150 2378 1266 2452 veteris

202 2489 347 2592 auspicia
364 2488 449 2560 hanc
467 2487 565 2559 etiarn
583 2487 628 2560 ob
641 2515 776 2562 eausam
794 2516 813 2561 a
828 2489 952 2562 Martio
968 2490 1076 2590 petit,
1103 2494 1196 2593 qnod
1219 2494 1267 2567 ibi

200 2608 297 2681 Anna
306 2606 454 2678 Perenna
470 2599 607 2674 colatur.
625 2602 695 2676 Nec
705 2601 995 2705 rnr'lipnrrafides,
1009 2633 1114 2698 annos
1127 2607 1199 2681 hinc
1209 2610 1267 2683 isse

196 2722 331 2822 perores,
349 2724 451 2792 Anno
463 2715 546 2818 qnod
555 2715 613 2788 hoc
623 2730 723 2816 cepta
734 2731 781 2789 est
791 2744 889 2790 mense
900 2718 1042 2793 Perenna
1054 2710 1132 2806 cot}
1149 2722 1265 2823 inqua

200 2852 470 2931 argumentorum
489 2832 570 2906 serie
583 2832 715 2907 eosdem
731 2861 805 2906 eum
819 2835 993 2909 Macrobio
1008 2834 1072 2933 (l,
1096 2861 1160 2926 12,
1178 2859 1264 2938 post

202 2952 297 3049 init.)
312 2951 439 3035 fontes,
457 2949 546 3021 hand
558 2948 657 3023 dubie
670 2949 903 3052 fastographos
914 2952 989 3028 illos
1000 2952 1081 3052 (vid.
1092 2981 1167 3055 sup.
1180 2985 1259 3057 pag.

152 3144 157 3154 ,
201 3066 292 3162 454,
314 3067 393 3138 Ere.
412 3067 450 3163 l)
466 3066 617 3165 respexit.
641 3067 732 3139 lnter
747 3065 830 3142 alios
846 3069 1048 3170 antiquiores
1062 3070 1153 3144 Latii
1180 3073 1260 3151 deos

198 3201 384 3264 recensetur
400 3181 453 3256 his
475 3181 634 3255 Varronis
661 3183 811 3259 versibus
834 3216 843 3261 ε
867 3204 898 3259 te
919 3188 1018 3261 Anna
1040 3208 1074 3262 et
1091 3190 1258 3281 Perenna,

199 3300 311 3374 Panda
320 3304 366 3371 καὶ
375 3305 452 3371 lero
463 3295 748 3388 Pales‚Nerienes,
760 3299 916 3386 Minora,
931 3301 1081 3377 Fortuna
1092 3332 1130 3379 ac
1147 3305 1256 3382 Ceres.

245 3415 361 3513 Ipsum
375 3438 495 3486 nomen
511 3439 603 3513 aeque
619 3438 657 3483 ac
672 3439 770 3486 onnus
785 3439 855 3487 esse
872 3442 892 3486 a
907 3414 1046 3489 notione
1065 3416 1174 3507 orbis,
1189 3419 1259 3494 cir-

198 3529 328 3614 cuitus,
353 3527 406 3601 cni
424 3555 538 3601 omnes
559 3528 626 3601 fere
647 3525 766 3628 populi
792 3555 915 3603 aunum
939 3527 1079 3605 similem
1101 3530 1256 3630 fingunt,

196 3673 388 3748 persuasum
411 3644 494 3718 mihi
516 3661 575 3717 est
594 3645 726 3718 Voces:
743 3642 862 3720 Annus
884 3662 918 3718 et
933 3646 1089 3724 Annnlus
1105 3650 1123 3750 (
1138 3650 1171 3724 id
1186 3671 1255 3741 est,

197 3760 339 3862 circuli)
363 3771 446 3846 ἔτος,
468 3767 593 3841 ἐνιαυτὸς
611 3776 724 3849 ΜΨ,
748 3761 849 3850 Jahr‚
875 3790 951 3864 year
973 3762 1014 3836 ab
1034 3765 1170 3868 antiquo
1193 3797 1254 3868 yra

197 3914 344 3974 circuire,
354 3912 419 3980 lam
429 3887 811 3988 compararuntBredow
821 3906 852 3961 et
862 3890 1017 3978 Vossius
1009 3894 1086 3967 sed
1096 3912 1131 3968 et
1140 3924 1255 3970 manen

195 4003 637 4105 esseapartieulareterean,
653 4003 762 4093 idest,
776 4007 896 4083 circum
904 4011 989 4109 ‚jam
999 4013 1114 4086 Ateius
1128 4015 1254 4121 Capito

196 4116 282 4213 apud
300 4120 449 4193 Macrob.
470 4121 509 4208 1,
537 4119 599 4213 14,
616 4117 856 4210 animadvertit,
874 4140 908 4197 et
923 4123 1027 4200 multe
1048 4127 1148 4205 verba
1173 4156 1255 4204 cnm
