2692 4672
141 364 209 457 490
529 358 816 428 EXCURSUS

138 503 241 576 verbo
260 498 392 602 quidem
408 499 592 588 iudicatur,
608 518 643 575 et
658 499 719 573 nbi
736 499 834 573 iidem
849 525 986 572 occasus
1002 499 1143 596 junctim
1154 530 1198 574 re-

138 633 276 691 currunt
290 616 445 715 (musam
458 645 558 718 supra
571 615 718 712 tentari)
734 617 769 687 ΙΙ
777 671 788 700 ‚
806 613 869 714 57,
886 612 990 686 verba
1006 613 1082 712 ejus
1096 635 1196 715 operte

137 732 306 820 indicant,
322 749 454 833 poetam
474 749 648 832 utramque
675 729 803 807 erettun
828 747 902 805 toto
920 728 1001 803 oeto
1030 730 1198 806 distantem

137 848 235 924 simul
254 848 424 939 occidere,
441 847 644 924 credidisse:

269 1004 318 1060 1112
331 1015 409 1059 „oco
421 1005 514 1076 utque.
525 1004 620 1060 eonem
632 1003 666 1058 ια
679 1003 764 1058 auen
779 1001 881 1056 vum

318 1092 977 1167 Dkerzttbiesetodie‚qn21.ynfut=iebai?

263 1187 392 1257 Dumque
404 1187 502 1259 Lyram
516 1197 631 1256 quaet,
646 1186 728 1241 medii
740 1204 845 1256 quoque
858 1197 931 1254 terga
940 1185 1038 1241 taonis

317 1280 350 1333 lu
364 1277 475 1349 liquida
486 1283 573 1332 subito
582 1297 668 1331 merea
680 1276 779 1331 videbit
791 1295 879 1346 aquas.

185 1419 320 1490 Vertere
338 1417 453 1505 liceat,
480 1447 554 1520 que
577 1421 765 1494 K'a'stnerue
785 1417 811 1491 l.
828 1444 857 1490 c.
875 1416 1009 1512 egregie
1025 1414 1198 1489 disseruit:

139 1534 175 1607 si
194 1533 270 1635 quie
286 1533 410 1611 frustra
432 1539 552 1638 Lyram
569 1535 782 1640 quadrent,
803 1533 924 1634 idque,
942 1549 983 1605 ut
999 1550 1151 1633 apparet,
1171 1533 1200 1603 in

137 1647 205 1723 celi
222 1666 316 1750 parte
332 1651 537 1750 vespertina,
561 1650 709 1726 converti
732 1650 823 1723 huuc
844 1647 981 1721 nonnisi
1006 1647 1197 1748 oportebat,

137 1780 177 1836 ut
192 1764 354 1838 orientem
374 1765 522 1839 rideret:
540 1767 672 1867 poetice
687 1767 806 1858 igitur,
823 1791 892 1837 non
918 1764 1195 1846 man'r'mmersune,

137 1878 195 1952 sed
205 1896 401 1980 emergentem
414 1908 432 1953 e
445 1883 531 1954 mari
539 1878 682 1955 videbat.
696 1880 800 1978 Quod
815 1880 844 1953 ei
861 1896 996 1952 noctem
1011 1877 1198 1981 pervigilare

135 1990 312 2083 voluisset,
326 2024 422 2070 mane
440 1997 573 2098 quidem
589 1996 713 2072 Leonis
728 2023 879 2070 occasum
896 2013 1047 2096 spectare
1063 2011 1195 2099 poterat

136 2111 209 2185 Etsi
226 2130 335 2186 autem
360 2142 430 2187 nox
446 2115 580 2189 ineunte
603 2113 784 2189 Februario
807 2111 1003 2214 pervigilata
1024 2142 1096 2186 non
1117 2139 1199 2214 eque

137 2226 238 2323 longa
255 2246 305 2302 est
329 2228 364 2302 in
388 2228 503 2318 ltalia,
521 2259 557 2304 ae
575 2231 661 2304 sorte
682 2230 851 2326 Gottiugae
869 2229 991 2318 suerit,
1014 2230 1135 2306 dubito
1157 2248 1199 2302 ta·

138 2370 231 2432 meu,
250 2374 291 2419 an
310 2346 407 2421 etiam
427 2350 543 2421 Rome
560 2347 600 2420 de
626 2347 760 2443 integre
778 2347 886 2419 noetis
912 2346 1089 2421 intervallo
1111 2345 1201 2420 subito

140 2461 204 2535 dici
223 2456 342 2564 queat'
353 2467 398 2537 Et
415 2465 543 2564 patebit
558 2465 623 2553 ita,
642 2463 822 2550 Ovidium,
839 2463 937 2568 Lym
949 2479 980 2536 et
996 2465 1114 2539 Iaeonir
1123 2492 1202 2538 occo·

138 2607 204 2651 sum
226 2582 321 2655 rrinul
343 2582 443 2665 cerni,
464 2610 538 2654 vere
563 2580 748 2655 credidisse.
776 2581 940 2655 occasum
963 2580 1013 2654 ibi
1043 2580 1202 2682 duplicem

140 2724 227 2784 esse,
245 2696 442 2798 interpretes
455 2697 599 2771 breviter
611 2697 833 2784 adnotarunt,
850 2698 911 2769 etsi
925 2697 978 2771 vir
992 2697 1115 2800 aliquis
1131 2697 1202 2770 inde

141 2842 273 2887 sensum
289 2812 356 2889 loci
372 2816 452 2888 satis
469 2814 630 2916 percipiat
647 2844 654 2885 :
673 2811 727 2885 Eo
749 2813 846 2912 magis
869 2814 1081 2912 exponendum
1102 2827 1199 2896 esset,

141 2956 230 3028 quom
242 2947 360 3027 prater
377 2947 516 3004 naturum
535 2932 653 3030 pus'sim
676 2927 849 3028 depinxerit
863 2944 975 3029 poeto,
994 2929 1023 3000 in
1042 2928 1127 3029 cujus
1143 2927 1203 2999 de·

140 3045 351 3143 scn'ptrom'bus
366 3046 441 3119 olibi
453 3076 514 3121 non
529 3047 644 3145 legere,
663 3045 722 3119 red
732 3047 830 3145 ipsum
843 3061 984 3119 naturum
996 3046 1106 3118 intueri
1121 3045 1202 3119 nobis

138 3162 328 3236 arbiramur.
345 3161 444 3237 Haud
456 3162 558 3240 dubie
576 3161 685 3236 stellas
702 3158 836 3235 nonnisi
850 3189 867 3234 e
881 3160 994 3249 libris,
1012 3158 1202 3237 ceteras'res

142 3303 180 3348 ex
199 3276 271 3378 ipsa
287 3295 404 3351 natura
422 3276 592 3374 cognovit,
612 3293 644 3350 et
662 3276 769 3352 defuit
784 3301 851 3348 uua
867 3305 885 3348 e
903 3277 1102 3364 virtutibus,
1120 3301 1202 3375 quas

143 3388 177 3461 in
192 3391 403 3466 Antronomis
420 3390 532 3466 laudat
549 3423 556 3465 :

272 3541 331 3590 Non
346 3542 444 3603 Venus,
459 3550 486 3593 et
497 3540 588 3592 vinum
601 3539 720 3594 sublimia
733 3550 839 3608 pectora
850 3539 937 3609 fregit
1000 3562 1003 3567 ·

192 3653 244 3725 De
260 3652 332 3728 aliis
347 3655 430 3755 loeis
449 3685 582 3732 monere
606 3656 722 3745 liceat,
744 3657 803 3730 ubi
829 3657 940 3731 eadem
966 3677 1017 3732 est
1035 3660 1205 3758 utriusque

145 3786 237 3842 ortus
255 3772 488 3860 commutatio,
513 3798 585 3872 quae
606 3772 761 3848 lectorem
783 3772 876 3846 facile
894 3774 928 3846 in
946 3798 1092 3851 errorem
1111 3775 1205 3848 iudu-

146 3904 205 3958 cat.
225 3888 313 3959 Fast.
332 3887 391 3973 lv,
415 3886 584 3988 165-170:

276 4033 334 4088 Nox
347 4033 391 4088 ubi
406 4035 552 4102 transierit,
565 4037 708 4107 celumque
720 4038 856 4092 rubescere
870 4038 956 4108 primo

325 4123 457 4195 Ceperit,
471 4137 499 4180 et
512 4137 586 4184 tactae
597 4146 656 4183 rore
670 4138 813 4196 querentur
824 4146 899 4194 areu
