2692 4672
177 284 242 366 ⁵⁰4
569 271 846 352 EXCURSUS
971 311 975 317 ·

308 484 440 553 Tempore
453 483 516 538 item
529 495 601 538 certo
613 503 716 539 roseam
728 487 831 539 Malata
843 502 891 556 per
902 500 960 536 ora

306 581 423 637 AEtlreris
435 583 567 637 Auroram
579 583 682 651 defert,
699 595 726 639 et
737 584 838 638 lumina
849 579 957 652 paulin

176 767 305 842 Matuta
331 784 369 840 ut
385 777 444 850 ἠὼς
472 768 661 842 (ὶηεοηιιιι
687 766 753 840 diei
780 764 919 866 primam
936 760 1045 834 lucem
1068 757 1244 855 designat,

176 879 254 978 (die
269 881 408 980 Frate)
430 902 463 957 ct
478 885 565 958 hanc
579 912 688 957 veram
704 882 795 955 verbi
812 881 985 956 notionem
1004 905 1077 952 esse
1094 896 1243 973 cognata

174 1021 271 1070 voces
289 1017 320 1073 et
338 1000 624 1097 grammaticorum
643 998 830 1074 testimonia
849 996 979 1071 docent.
997 992 1133 1068 Nonius
1150 994 1242 1066 Mar·

175 1110 300 1188 collus:
316 1144 438 1193 manum
455 1116 563 1190 dixere
576 1115 717 1202 clarum,
732 1114 820 1189 unde
836 1115 933 1189 etiarn
949 1140 1046 1186 mane
1059 1128 1140 1213 post
1152 1129 1242 1184 tene·

174 1225 253 1302 brae
262 1228 326 1302 diei
338 1229 442 1329 prima
452 1257 546 1330 pars;
562 1229 637 1304 inde
648 1231 796 1314 Matuta,
814 1257 886 1329 qua
899 1227 1026 1300 Graecis
1034 1223 1240 1310 Leucothea;

175 1360 209 1416 et
221 1343 379 1419 Priscian.
399 1346 454 1434 ll,
471 1375 546 1446 pag.
570 1346 660 1445 591,
683 1345 819 1419 Putsch.
844 1346 976 1418 Matuta
994 1339 1151 1437 significat
1163 1341 1239 1411 Au-

174 1487 293 1534 roram.
317 1461 506 1537 Metuainum
526 1477 643 1561 ternpus
665 1460 742 1534 inde
766 1459 851 1549 elici,
873 1459 928 1532 vix
952 1454 1154 1530 monendum
1174 1471 1234 1527 est.

175 1574 279 1671 Quod
292 1579 320 1652 si
337 1577 440 1672 igitur
454 1578 522 1651 hac
537 1577 643 1679 prima
659 1577 732 1675 ejus
744 1576 840 1649 notio
856 1593 945 1662 erat,
967 1592 1006 1648 ut
1018 1573 1161 1676 primam
1176 1572 1241 1647 diei

174 1688 281 1766 lucem
296 1694 502 1789 designaret,
526 1711 561 1767 et
577 1693 653 1766 inde
669 1695 820 1780 Matuta,
842 1692 878 1765 id
895 1709 968 1780 est,
987 1689 1116 1775 luailn,
1141 1691 1243 1791 splen·

175 1804 269 1892 dida,
295 1806 365 1903 (nt
382 1806 484 1881 solem
503 1808 609 1882 Graeci
627 1815 741 1907 φοῑὸον,
758 1807 987 1911 splendidum,
1003 1806 1240 1908 appellabant)

175 1922 356 2014 diceretur3
381 1924 474 2000 facile
497 1927 659 2026 conjicere
683 1926 779 2016 licet,
797 1925 972 2028 quomodo
989 1951 1066 1998 cum
1088 1932 1241 2016 Λευκοθέᾳ

179 2039 366 2114 Graecorum
385 2059 582 2116 commutata
600 2043 665 2130 sit,
683 2042 735 2117 cui
758 2040 1006 2115 commutationi
1027 2040 1122 2114 haud
1143 2040 1239 2114 dubie

175 2157 321 2230 nominis
341 2158 536 2254 significatio
555 2188 666 2235 ansam
692 2159 877 2261 prebebat3
902 2186 980 2231 mox
1002 2155 1069 2232 dici
1093 2175 1241 2260 creptum

176 2289 227 2344 est
238 2272 458 2346 Leucotheam
472 2303 546 2348 cum
558 2275 688 2349 Matuta
696 2272 841 2346 eamdem
851 2299 936 2358 esse,
952 2287 984 2343 ct
992 2269 1117 2345 labulae
1131 2299 1241 2368 greco

104 2382 108 2395 '
176 2383 217 2456 de
232 2386 295 2457 luo
311 2385 377 2459 sive
393 2386 582 2461 Leucothea
596 2387 639 2460 ad
659 2384 812 2460 Matralia
827 2386 924 2459 etiam
941 2411 1078 2458 romana
1101 2385 1241 2459 transire

175 2515 301 2572 mature
331 2518 527 2601 cuperent,
559 2518 598 2574 ut
626 2501 816 2576 ceremonia
844 2500 944 2600 hujus
970 2499 1047 2574 sesti
1076 2497 1243 2575 solemnes

175 2615 289 2714 (Fast.
309 2619 377 2705 vl,
399 2617 508 2717 481),
527 2619 569 2692 ad
585 2622 666 2694 Inus
680 2618 828 2693 fabulam
839 2616 1061 2706 alludentes,
1074 2634 1110 2692 et
1127 2645 1241 2714 grace

174 2733 308 2834 proprie
321 2735 458 2829 originis
476 2735 585 2835 (Plut.
602 2738 728 2834 Quaest.
742 2766 825 2811 rom.
847 2736 930 2831 16),
947 2754 1059 2838 aperte
1072 2735 1234 2837 produnt

174 2847 258 2944 Quae
280 2848 309 2921 si
328 2851 514 2922 ceremoniae
533 2850 574 2923 ad
595 2851 705 2950 ipsum
722 2849 870 2924 Servium
893 2850 1006 2953 templi
1030 2849 1234 2923 conditorem

172 2958 374 3054 adsurgunt,
393 2963 604 3063 interpolatio
627 2990 729 3060 graeca
746 2963 811 3038 hoc
830 2966 905 3065 ipso
921 2965 987 3064 (ut
1003 2991 1122 3041 revera
1137 2963 1237 3038 ride⁴

174 3075 262 3172 tur)
287 3075 456 3177 antiquior
478 3106 548 3152 esse
575 3080 681 3152 debet.
712 3077 1119 3156 culussvolscorumau
1141 3107 1240 3152 more

172 3221 277 3286 greco
295 3192 558 3283 celebratus'sit,
576 3224 645 3268 non
661 3211 806 3295 apparet.

220 3310 259 3381 ln
270 3311 391 3385 sabinae
403 3313 510 3406 gentis
519 3311 728 3398 numinibus,
746 3309 958 3409 hujusgentis
971 3311 1230 3397 auctorSuncus,

172 3421 216 3493 ob
235 3422 391 3523 templum
409 3425 500 3525 quod
519 3423 788 3512 Romalraliuit,
811 3440 843 3494 et
861 3424 966 3497 varias
984 3426 1054 3521 ejus
1072 3426 1236 3525 interpre-

171 3535 311 3610 tationes
327 3539 453 3614 celeber
470 3560 539 3629 est;
557 3542 573 3638 (
588 3543 674 3615 Fast.
691 3543 759 3626 Vl,
778 3537 870 3626 213,
890 3540 997 3637 214).
1017 3540 1068 3611 De
1090 3538 1237 3641 popula-

168 3651 252 3724 rium
271 3645 360 3723 cultu
378 3650 469 3729 locus
484 3655 625 3751 insignis
642 3654 729 3756 apud
755 3652 814 3727 Sil.
838 3655 942 3740 Vlll,
961 3657 1045 3746 421.
1068 3655 1184 3740 Ihm,
1203 3671 1235 3728 et

167 3765 235 3838 tati
243 3793 321 3864 pars
332 3764 467 3839 Suacmn
482 3797 557 3842 voce
574 3769 719 3842 canthum
731 3771 901 3844 Auctorem
905 3769 1018 3868 geniti,
1033 3798 1114 3868 pars
1125 3768 1233 3843 laudes

166 3881 380 3978 auferebant,
401 3881 497 3969 Sabe,
510 3898 650 3960 euasere.
663 3883 749 3959 Coll.
764 3887 911 3959 Lactant.
924 3888 957 3972 l,
976 3904 1034 3973 xv,
1052 3890 1081 3983 §.
1096 3886 1139 3972 8;
1156 3885 1232 3986 qui,
1327 3874 1332 3883 ¹

166 4011 203 4066 ut
218 3996 366 4071 Faunum
383 3995 506 4086 latinae,
524 3999 702 4095 Quirinum
716 4027 874 4088 romane,
893 4000 937 4074 ita
951 4001 1093 4075 Sancum
1108 4001 1234 4079 sabina
