2692 4672
440 344 495 412 ru
521 344 711 413 ovrnn
734 340 959 412 russos.
1166 344 1227 438 49¹

296 507 500 577 Semuatamque
511 507 596 561 facem
608 505 710 576 vigilata
723 516 801 561 noete
815 505 900 559 viator

349 599 453 664 Ponet,
465 607 493 651 et
508 598 540 651 ad
554 598 660 652 solitum
675 596 785 651 rusticus
799 595 847 650 ibit
860 614 940 663 opus;

296 685 416 739 Pleiades
427 687 557 757 incipiunt
569 687 694 741 humeros
707 684 824 742 relevare
836 694 975 755 paternos,
988 695 1036 738 ete.

165 831 253 901 Fusa
266 825 488 926 descriptione
503 845 634 928 tempus
650 822 851 901 matutinum
867 824 1011 910 indicat,
1030 824 1091 897 ubi
1107 854 1233 929 vesper

168 943 258 1014 tinus
276 958 326 1015 est
342 969 489 1017 occasus.
505 941 556 1014 (ΙΙ.
576 941 674 1014 Psaff.
692 968 726 1041 p.
744 938 791 1011 63
807 957 842 1013 et
856 936 914 1032 64.

214 1058 302 1129 Fast.
320 1056 364 1144 V,
384 1055 465 1148 545.
492 1058 634 1130 Noctem
660 1055 811 1129 contrahi
829 1073 862 1129 et
883 1054 1038 1148 aufugere
1062 1051 1163 1126 solito
1186 1056 1234 1128 ci-

167 1173 234 1246 tius
257 1172 365 1247 sidera
386 1199 529 1260 canens,
553 1190 593 1246 ut
608 1202 686 1247 mox
706 1171 928 1275 pulcherrima
942 1170 1062 1245 Martis
1079 1189 1235 1269 appareat

166 1289 239 1378 lux,
256 1289 310 1365 his
324 1289 434 1364 verbis
450 1289 581 1363 utitur:

299 1458 353 1514 Sed
366 1457 430 1529 quid
444 1469 471 1512 et
485 1457 571 1512 Orion
585 1466 612 1509 et
625 1465 719 1509 caetera
730 1454 816 1508 sidera
826 1455 928 1509 mundo

345 1547 449 1602 Cedere
463 1547 605 1612 festinant,
620 1564 724 1613 noxque
738 1555 852 1599 coarctat
863 1545 934 1599 iter?

127 1690 151 1715 '
168 1693 213 1766 ita
229 1707 269 1765 ut
286 1690 413 1776 Orion,
432 1717 526 1762 mane
537 1686 712 1780 occidens,
729 1716 883 1763 occasum
899 1686 1054 1762 festinare
1070 1666 1233 1773 videatur3

168 1809 226 1883 sed
239 1808 309 1908 jam
324 1807 373 1880 die
387 1834 410 1907 9
424 1806 532 1905 April.
548 1809 635 1881 Fast.
653 1806 716 1893 IV,
729 1802 821 1906 387,
838 1805 956 1906 prima
970 1803 1040 1901 ejus
1053 1818 1162 1903 partes
1182 1831 1236 1874 re-

167 1924 256 2025 speri
272 1922 477 2008 occiderant,
496 1937 535 1995 ut
552 1920 694 1996 Ovidius
707 1919 754 1992 ibi
771 1917 983 2019 explicandus
1001 1934 1081 1992 este
1097 1916 1208 1991 Plinio
1226 1947 1233 1988 :

167 2043 254 2113 Non.
273 2042 354 2140 Apr.
376 2072 393 2104 α
416 2037 524 2113 Orion
542 2054 576 2110 et
593 2035 732 2109 Gladius
750 2032 819 2133 ejus
833 2028 1005 2134 incipiunt¹
1015 2026 1196 2121 abscondi,
1216 2069 1233 2100 »

169 2175 201 2227 et
218 2155 271 2228 die
293 2180 331 2224 11
353 2153 436 2226 Maii
454 2151 589 2252 reliquae
607 2151 677 2248 ejus
694 2167 806 2251 partes
829 2166 948 2223 seeutae
971 2167 1064 2226 erant
1080 2152 1167 2225 Fast.
1186 2152 1234 2240 V,

170 2268 239 2369 493
251 2286 286 2342 et
301 2269 372 2368 494
392 2269 459 2365 (cs.
474 2266 573 2341 Pfatf.
592 2294 626 2367 p.
649 2264 742 2358 84),
759 2265 805 2338 ita
822 2281 861 2339 ut
877 2292 918 2339 ne
934 2264 1060 2368 vesperi
1078 2268 1236 2368 quidem,

168 2384 290 2458 nedum
307 2402 516 2486 pernoctem
539 2371 573 2458 et
595 2410 702 2468 mune,
729 2380 819 2484 quud
845 2379 988 2455 Ovidius
1011 2376 1106 2470 vult,
1131 2380 1237 2459 ullum

169 2500 308 2574 Orionis
325 2501 499 2595 vestigium
516 2501 551 2575 in
568 2498 647 2574 ceto
665 2516 772 2608 esset,
792 2516 935 2599 quatuor
947 2497 1065 2571 diebus
1081 2517 1161 2599 post
1179 2530 1237 2574 oc-

170 2643 283 2690 casum
310 2615 381 2713 ejus
400 2615 623 2715 vespertinum
639 2645 648 2688 ι
666 2612 772 2689 Lucus
786 2614 955 2689 luculenter
969 2615 1034 2715 ejus
1058 2614 1236 2714 imperitiam

169 2738 323 2832 urguens!

218 2846 269 2922 Cs.
285 2846 420 2947 insuper
435 2848 502 2934 ΙΙΙ,
515 2845 606 2940 403,
625 2874 698 2947 quae
707 2845 774 2922 huc
787 2845 886 2921 etiam
899 2845 1077 2947 pertinent
1096 2844 1236 2943 Majoris

170 2963 235 3035 sere
257 2962 417 3037 momenti
434 2978 512 3035 sunt
533 2990 570 3035 ea
588 2960 677 3049 loca,
696 2962 756 3035 ubi
780 2989 933 3036 occasum
957 2961 1055 3036 etiam
1073 2979 1106 3067 et
1126 2977 1237 3035 ortum

171 3081 367 3155 commutari
382 3077 521 3154 ¹nulium
551 3077 690 3153 dubium
713 3096 773 3154 est.
800 3080 842 3153 In
858 3079 912 3153 his
934 3080 1032 3153 etiam
1055 3078 1137 3152 loeis
1160 3106 1236 3152 raro

172 3211 304 3297 poetam
315 3197 556 3273 emendandum
567 3224 751 3288 censerem,
768 3213 802 3272 et
813 3198 928 3299 potins
936 3197 1055 3272 vitium
1069 3195 1239 3272 interdum

173 3313 242 3410 ejus
256 3310 481 3407 negligentia,
498 3312 550 3388 vel
565 3312 655 3387 vitiis
669 3313 704 3387 in
721 3313 791 3412 ejus
804 3311 955 3385 sontibus
969 3312 1159 3401 tribuerim,
1175 3312 1237 3386 nbi

172 3428 264 3504 facile
275 3457 369 3504 rores
381 3457 509 3531 semper
518 3447 723 3506 recurrentes
736 3431 835 3505 uritur
847 3446 881 3504 et
889 3428 997 3503 occidit
1011 3429 1134 3531 passim
1145 3457 1236 3505 com-

171 3565 304 3621 mutata
321 3576 392 3622 esse
407 3565 572 3649 poteraut.
592 3559 600 3588 ¹

111 3729 112 3732 ’
207 3721 370 3790 'Nusquam
388 3720 444 3774 iere
461 3719 626 3789 frequentius
641 3719 680 3772 ti-
727 3718 805 3773 hodie
818 3717 1236 3792 hoeecriticainparapegmatihus

172 3799 321 3852 brariorum
333 3799 484 3853 nudatione
495 3797 681 3853 eommutatio·
728 3795 1234 3870 grocisexemendaestmbirerbatpu,

174 3897 221 3936 nes
233 3888 260 3931 et
275 3876 472 3946 depravationes
489 3875 611 3930 admissas
624 3895 679 3930 esse
728 3882 840 3955 tenipus,
858 3883 935 3944 nure,
953 3881 1114 3934 :atteteritur
1130 3895 1237 3948 semper
1282 3945 1285 3951 Ι

175 3973 254 4023 quarn
269 3954 297 4007 in
315 3954 394 4019 iocis,
409 3954 454 4008 ubi
467 3954 546 4007 verba
560 3952 680 4023 quedam
728 3965 875 4010 recurrunt.
896 3956 995 4025 Aperta
1013 3956 1184 4010 commutatio
1206 3956 1236 4010 in

174 4051 256 4100 pauca
269 4031 424 4100 frequenter
442 4042 584 4085 recurrunt
598 4072 606 4098 ,
623 4031 680 4084 du·
728 4033 844 4089 Gemiuo
856 4035 971 4090 Piscium
986 4037 1015 4103 ι4
1027 4055 1034 4089 2
1046 4040 1176 4105 Rittium
1190 4043 1235 4092 tr-

176 4109 371 4165 dumaeriticis
388 4110 556 4163 observatum
570 4121 616 4167 est.
644 4110 680 4164 Et
727 4119 830 4188 :seipse
843 4113 1003 4186 rumquod
1013 4112 1234 4170 mutandumesse
