2692 4672
278 277 284 285 ’
394 306 445 372 ru
470 304 649 372 orlon
678 301 893 370 rusros,
1107 299 1170 364 505

115 443 221 542 gentis
238 462 402 518 auctorem
416 461 521 516 vocat.
541 442 734 516 -Romani
751 439 981 541 etymologiam
995 437 1096 537 hujus
1112 466 1174 511 no-

113 558 211 632 minis
225 557 370 660 proprii‚
390 555 556 657 quodfere
569 583 642 630 cum
653 558 748 631 Anco
766 555 922 654 (nomine
937 556 1016 629 item
1029 554 1174 650 sabino)

115 675 286 748 convenire
299 674 437 759 ridetur,
450 702 469 746 a
480 671 643 746 sanciendo
657 687 856 774 quaerentes,
871 667 946 741 iutle
957 696 1029 741 eum
1038 670 1174 756 Iovem,

113 787 361 864 sanciendorum
386 789 547 864 soederum
568 788 764 889 presidem,
791 783 1112 886 interpretabantur,
1141 801 1175 857 et

112 904 233 978 federa
246 905 276 978 ei
290 933 380 979 sacra
397 905 569 1005 putabant
587 903 725 1004 Dionys.
745 903 806 988 lv,
824 927 894 1000 cap.
911 914 1018 983 tvm,
1032 925 1065 998 p.
1084 898 1174 999 2573

113 1020 178 1104 IX,
192 1048 226 1118 p.
240 1016 308 1119 617
330 1023 382 1114 (ἐν
398 1025 464 1118 ἱερῷ
476 1027 547 1101 Διὸς
559 1026 665 1101 Πιςίον
682 1023 714 1090 ὃν
732 1008 861 1112 Ρωμαῖοι
874 1023 1005 1110 Σάγκτον
1019 1018 1174 1109 καλοῦσι)

113 1134 197 1207 Post
222 1163 290 1209 eam
315 1135 618 1236 interpretationem
645 1136 776 1209 clemum
805 1132 858 1207 dei
887 1130 999 1216 Fudit,
1026 1128 1175 1202 lidionis

112 1276 232 1322 nomen
249 1249 278 1324 ei
289 1251 438 1326 ,inclitum
454 1252 604 1343 ridetur,
620 1271 654 1327 et
671 1279 709 1326 ex
728 1279 768 1325 eo
786 1267 859 1325 orta
871 1244 1083 1322 commutatio
1101 1272 1176 1317 cum

112 1365 278 1454 Hercule,
307 1395 405 1468 quem
432 1369 468 1441 in
491 1368 704 1468 jurejurando
730 1365 810 1440 alias
837 1365 988 1438 iuvocare
1015 1359 1174 1436 solebant.

111 1483 388 1583 Frequentissima
398 1485 547 1558 omnium
556 1480 863 1570 taccommuutio,
875 1497 909 1553 et
918 1480 1043 1552 Sancus
1053 1474 1176 1577 passim

15 1600 60 1673 *t
111 1597 243 1669 nonnisi
257 1622 440 1690 cognomen
457 1596 611 1671 Herculis
624 1597 818 1699 putabatur3
840 1593 930 1696 quod
941 1594 1093 1692 Propert.
1107 1591 1175 1678 lv,

104 1728 170 1797 att,
190 1710 252 1809 74,
272 1710 314 1783 ab
332 1711 414 1783 orbe
426 1727 585 1800 terrarum
602 1714 754 1789 manibus
772 1712 841 1787 suis
858 1709 1051 1795 sanciendo,
1062 1707 1097 1781 id
1110 1723 1175 1795 est,

112 1826 303 1928 purgando,
319 1824 452 1901 derivat.
467 1827 517 1926 (l)
529 1826 630 1902 Aliud
640 1858 821 1923 cognomen
834 1829 939 1915 Semo,
952 1829 1060 1901 Sanco
1075 1823 1176 1920 vulgo

113 1942 271 2029 inditum,
292 1942 383 2043 quod
396 1942 578 2017 semihomo
597 1941 781 2044 explicant,
800 1942 910 2017 nescio
928 1970 996 2042 quo
1006 1941 1078 2040 jure
1091 1941 1179 2013 fato·

114 2089 178 2161 que
193 2059 228 2132 in
245 2058 340 2134 libris
356 2061 585 2161 antiquitatem
598 2059 856 2161 explicantibus,
871 2059 912 2132 ad
927 2087 1042 2132 omnes
1057 2057 1177 2132 heroes

114 2194 147 2249 et
163 2175 322 2249 semideos
341 2176 489 2264 transiit;
507 2204 599 2277 aeque
613 2175 800 2250 mirandum
817 2202 868 2249 me
883 2174 1005 2274 judice,
1024 2202 1061 2249 ac
1078 2175 1107 2247 si
1125 2173 1177 2246 di-

112 2293 271 2366 visionem
294 2290 383 2365 illam
408 2293 444 2365 in
470 2293 548 2366 deos
569 2291 732 2391 majorum
761 2309 793 2366 et
817 2292 982 2366 minorum
1009 2289 1175 2386 gentium,

113 2437 211 2509 quam
227 2408 293 2483 sere
309 2409 420 2507 jocose
444 2408 512 2482 Cic
537 2410 637 2481 Tusc.
654 2409 692 2494 l,
722 2403 784 2495 13,
810 2435 828 2479 a
845 2392 962 2481 senatu
978 2432 1117 2479 romano
1135 2404 1178 2478 ad

113 2523 195 2597 deos
212 2524 368 2598 transfert
391 2521 502 2623 (alibi
522 2521 678 2596 etiamad
696 2522 851 2611 Stoicos,
876 2521 977 2596 Acad.
996 2524 1058 2608 IV,
1078 2521 1120 2613 [μ
1140 2521 1176 2618 ),

112 2657 278 2740 tamquam
304 2640 423 2741 priscis
450 2637 629 2714 solemnem
657 2637 810 2712 inlibris
837 2633 1068 2738 mythologicis
1091 2635 1176 2710 sem'o

112 2755 262 2858 adoptari
276 2755 424 2830 videmus
436 2786 444 2843 3
462 2783 566 2857 quum
576 2755 723 2841 Stoicos,
739 2755 875 2854 inques
890 2751 1036 2827 eamdem
1049 2750 1179 2826 divisio·

111 2902 188 2947 nem
206 2873 382 2962 transfert,
407 2874 442 2947 iu
464 2874 625 2970 majorum
647 2891 680 2949 et
697 2871 862 2945 minorum
883 2871 1030 2967 gentium
1047 2869 1178 2943 Stoicos

114 2991 200 3063 serio
219 2992 363 3067 dividere
380 3020 448 3067 uon
465 2990 558 3065 facile
577 2991 630 3063 cui
646 2990 682 3063 in
699 3008 842 3063 mentem
858 2990 975 3065 veniat.
999 2989 1091 3064 (trra
1115 2987 1180 3061 ‹Iu-

114 3107 208 3179 bium
228 3109 269 3180 ab
287 3109 424 3210 antiqua
437 3109 615 3209 scriptura,
630 3106 712 3180 vele
729 3107 757 3178 F
757 3107 837 3181 astis
850 3107 956 3180 Praen.
973 3123 1052 3179 nota
1068 3104 1101 3201 (i
1116 3130 1179 3203 pro

113 3252 151 3309 e,
168 3220 280 3299 Viniri
294 3253 356 3324 pro
368 3229 522 3318 Venere)
538 3222 721 3326 proiectum
737 3241 807 3311 est,
822 3223 851 3297 si
866 3220 1106 3307 Tertullianus,
1120 3219 1180 3321 qui

113 3340 250 3425 «irinum,
271 3339 346 3414 Deo
362 3342 476 3418 Sancto
495 3341 618 3445 templo
637 3341 832 3442 inscriptum
848 3338 994 3435 legeret,
1012 3339 1180 3412 Simonem

113 3482 244 3548 magum
271 3454 373 3551 (Act
397 3457 501 3543 VIII,
528 3456 604 3555 18)
627 3459 743 3531 Romae
762 3453 888 3531 cultum
905 3454 971 3529 sibi
999 3454 1180 3557 deprehen-

114 3569 203 3644 disse
214 3568 404 3653 vitlebatur3
424 3569 498 3641 vide
511 3573 615 3672 Neap.
635 3570 678 3645 ad
694 3574 765 3657 VI,
782 3571 864 3645 213.

161 3681 214 3755 tld
232 3681 379 3756 eumdem
393 3680 556 3783 populum
570 3683 714 3784 pertinet
730 3685 789 3759 dea
803 3683 950 3785 quedam
965 3683 1099 3768 bellica,
1114 3708 1177 3782 pro

114 3824 216 3869 uxore
225 3797 345 3870 Martis
363 3797 409 3870 ihi
425 3797 555 3883 habita,
571 3800 725 3886 Neriene,
745 3800 869 3888 Nerio,
884 3799 984 3874 Neria
1001 3797 1178 3894 (uttlnio,

112 3912 253 4009 Anien)
280 3939 379 4011 quam
399 3911 496 3986 docta
515 3913 740 4014 disputatione
763 3945 801 3990 ex
816 3917 940 4003 Ennii,
960 3913 1079 3987 Licinii
1097 3910 1179 3986 alio-

112 4055 249 4129 rumque
271 4026 353 4102 locis
368 4028 511 4102 vindicat
531 4027 616 4107 Gell.
636 4032 741 4119 XIII,
761 4057 827 4120 223
851 4029 890 4105 el.
910 4057 995 4105 vers.
1014 4026 1179 4103 Varronis
