2692 4672
408 323 466 395 ΙΝ
488 322 671 394 OVIDII
695 321 918 393 FASTOS.
1129 324 1192 410 461

135 468 206 567 (de
223 465 343 569 quibus
359 463 465 540 susins
480 463 594 558 infra)
617 480 651 539 et
671 463 715 538 ad
734 463 885 539 eumdem
902 490 1041 565 prorsus
1062 467 1199 542 modum

135 592 244 680 iniis,
262 616 347 691 quos
359 588 492 662 Fulvius
503 587 670 674 Notatur,
690 584 827 661 Catonis
839 584 975 688 aequalis
989 604 1023 661 et
1035 588 1136 661 Ennii
1147 590 1199 664 fa-

134 712 272 788 miliaris
285 709 560 786 inredellerculis
572 711 788 785 etMusarum
802 733 869 784 ase
882 709 1016 784 condita
1030 712 1136 806 (Fast.
1151 713 1201 786 Vl

135 838 172 911 in
186 835 277 934 line)
291 850 465 936 posuerat,
481 831 645 932 simulque
661 832 755 906 brevi
768 833 982 907 annotatione
997 832 1123 933 adjecta
1138 863 1202 909 no·

135 958 284 1033 minibus
306 957 473 1057 rebusque
497 956 644 1057 antiquis
668 954 873 1057 explicandis
897 982 1032 1058 operam
1055 956 1204 1034 dederat:

137 1079 289 1156 Macrob.
304 1081 336 1169 l,
353 1097 423 1169 ΧΠ,
446 1076 509 1167 13,
524 1077 583 1178 qui
595 1076 724 1152 Maium
737 1094 771 1151 et
777 1077 801 1150 J
802 1075 917 1151 unium
930 1076 978 1150 ibi
992 1105 1011 1152 a
1024 1078 1203 1177 majoribus

62 1239 66 1267 ι
138 1202 275 1278 derivari
293 1201 409 1290 tradit,
428 1202 516 1288 etl,
540 1197 602 1287 13,
621 1198 663 1272 de
678 1198 925 1275 intercalatione
942 1199 1032 1275 hand
1047 1200 1148 1275 dubie
1162 1200 1205 1276 ad

137 1325 270 1403 eosdem
285 1325 391 1400 fastos
407 1324 552 1425 respicit.
570 1321 765 1397 laudantur
779 1322 877 1396 iidem
894 1351 913 1396 a
930 1323 1092 1398 Charisia.
1152 1372 1156 1379 .

144 1524 146 1531 ,
185 1448 408 1524 Peculiarium
425 1465 534 1522 autem
548 1444 712 1520 librorum
728 1446 803 1521 data
818 1474 920 1548 opera
936 1448 971 1519 in
986 1446 1080 1522 lastis
1096 1445 1205 1549 expli·-

138 1573 252 1650 candis
267 1572 467 1646 versantium
481 1570 594 1671 plures
610 1555 760 1645 auctores
775 1569 958 1661 babemus,
979 1599 1123 1673 quorum
1138 1599 1204 1645 no-

121 1696 246 1802 ⁸titiam
267 1694 449 1796 prasertim
471 1692 646 1767 lllacrobio
664 1711 696 1767 et
711 1694 811 1768 Festo
836 1692 1060 1783 debebamus,
1078 1676 1205 1794 quibus

140 1846 231 1893 nuuc
248 1815 445 1891 Laurentius
462 1813 575 1916 Lydus
592 1815 726 1889 accedit.
748 1857 788 1874 -
807 1818 936 1912 llgmen
952 1844 1090 1906 eorum,
1118 1846 1205 1918 quos

140 1941 313 2029 novimus,
330 1938 421 2013 ducit
435 1966 558 2014 nomen
573 1938 609 2011 in
624 1937 791 2012 historicis
807 1955 842 2013 et
857 1938 1052 2039 antiquariis
1065 1937 1208 2023 celeber-

141 2065 261 2140 rimum
280 2061 404 2138 Cincius
419 2063 599 2140 Aliinentus
605 2091 621 2148 ;
636 2078 717 2164 post
731 2089 808 2137 eum
823 2087 908 2165 saepe
921 2061 1074 2138 laudatur
1089 2064 1125 2137 in
1141 2063 1205 2145 boc

143 2187 240 2264 etiam
257 2215 391 2284 genere,
409 2186 571 2261 Masurius
587 2183 740 2272 Sabinus,
759 2184 991 2260 celeberrimus
1006 2185 1062 2261 ille
1077 2189 1101 2261 J
1103 2189 1207 2280 Ctus,

141 2329 176 2388 et
192 2339 264 2411 quac
279 2311 452 2410 utriusque
468 2309 641 2411 scriptoris
660 2325 789 2383 exstant
804 2308 1006 2405 fragmenta,
1026 2326 1097 2385 tum
1115 2311 1207 2411 quod

142 2433 185 2507 ad
202 2431 361 2504 Ovidium
377 2432 556 2507 arctissime
573 2430 763 2533 pertinent,
787 2449 859 2506 tum
877 2431 922 2505 ob
938 2429 1054 2531 judicii
1070 2459 1208 2508 acumen

142 2574 177 2632 et
189 2554 334 2631 criticam
347 2555 382 2630 in
394 2555 560 2631 veteribus
574 2555 759 2647 insolitam,
772 2574 842 2631 tum
855 2554 902 2631 ob
914 2555 1121 2658 antiquitatis
1133 2556 1208 2631 doc-

106 2769 112 2789 ,
145 2680 284 2769 trinam,
302 2679 423 2753 merito
438 2678 635 2756 desiderium
656 2680 777 2754 borum
797 2679 961 2755 librorum
981 2679 1142 2779 injiciunt.
1164 2723 1204 2738 ··-

142 2803 256 2896 Fasti,
284 2833 369 2906 quos
385 2804 428 2879 L.
450 2802 573 2879 cuein
591 2806 770 2882 Aleiaentus
794 2803 1008 2892 condiderat,
1035 2804 1132 2879 Fabii
1152 2804 1208 2879 Pi-

144 2930 246 3006 ctoris
261 2927 395 3031 aqualis
411 2927 502 3026 (vit.
516 2928 615 3005 Voss.
633 2928 676 3003 de
688 2928 770 3004 bist.
788 2926 919 3019 latinis,
938 2957 971 3030 p.
992 2927 1068 3028 25)
1083 2929 1208 3004 aLivio

145 3080 231 3153 sape
242 3051 413 3142 laudatus,
430 3069 465 3128 et
477 3077 604 3146 maffia
618 3051 707 3153 apud
722 3080 797 3127 eum
812 3052 1015 3128 auctoritatis
1030 3052 1209 3153 prasertim

145 3177 182 3260 in
198 3174 298 3249 rebus
314 3175 538 3277 antiquariis(
554 3209 571 3240 «
588 3175 749 3251 maximus
765 3195 914 3251 auctor»
938 3217 977 3230 -
994 3191 1026 3248 et
1042 3174 1121 3246 alibi
1137 3202 1144 3245 :
1159 3172 1209 3255 di,-

148 3297 254 3394 ligens
273 3298 379 3371 talium
401 3316 691 3374 monumentorum
714 3316 844 3386 auctor,
865 3297 924 3371 uhi
943 3298 983 3368 de
997 3325 1080 3370 more
1094 3295 1210 3369 Volsi-

145 3422 312 3497 niensium
330 3420 458 3494 solemni
474 3451 580 3496 sermo
598 3424 679 3516 est)
702 3438 779 3523 post
797 3421 1006 3494 Macrobium
1025 3423 1091 3517 (l,
1115 3446 1156 3492 12
1177 3438 1212 3495 et

148 3544 281 3640 alibi),
299 3564 332 3618 et
346 3547 481 3620 Festum
498 3546 591 3641 (vid.
616 3546 689 3620 lnd.
713 3546 749 3620 in
772 3544 822 3620 ed.
842 3545 1033 3620 Dacieriana
1049 3550 1065 3641 )
1082 3545 1210 3646 abydo

148 3667 348 3755 recitantur,
373 3667 434 3741 ubi
459 3667 545 3743 liber
567 3675 630 3764 cept
661 3676 768 3766 ἑορτων
793 3697 861 3741 uon
895 3686 1007 3770 potest
1033 3698 1101 3743 non
1124 3669 1211 3741 idem

152 3816 233 3892 esse.
253 3787 405 3890 (Lydus,
428 3780 525 3891 ps9o
544 3808 577 3865 et
598 3789 663 3862 125
676 3793 702 3890 ).
727 3791 836 3866 Ellata
861 3791 929 3889 ejus
954 3790 1157 3893 antiquitatis
1179 3808 1212 3864 et

109 4015 112 4019 ,
154 3911 275 4011 linguae
289 3912 432 3989 criticam
446 3915 614 3989 scientiam
633 3934 666 3989 et
679 3916 839 4015 judicium
856 3916 1027 3990 subactum
1044 3913 1210 4015 produnt,

153 4054 188 4110 et
202 4036 335 4126 multae,
358 4066 440 4138 quas
455 4037 596 4114 Ovidius
613 4039 746 4115 exhibet
762 4039 939 4115 sententias
955 4039 991 4114 in
1007 4065 1042 4112 re
1058 4063 1118 4113 sna
1132 4033 1213 4109 ittu-
