2692 4672
212 326 280 421 474
444 331 449 341 ·
606 322 889 395 excursus

216 465 307 558 1524
316 462 358 539 ad
368 489 520 565 campum
527 461 635 539 Flore
649 479 827 565 repertum
836 463 910 538 Prae
917 460 991 537 aliis
999 462 1115 537 minus
1124 490 1271 541 mancum

211 605 280 676 est,
298 604 332 661 et
348 614 462 663 omnes
478 585 557 661 anni
573 614 704 662 menses
721 584 971 690 complectitur,
992 585 1208 662 brevioribus
1224 606 1275 662 ta-

213 737 288 786 men
301 737 375 785 cum
391 709 492 784 notis.
516 710 677 792 Narmori
694 710 889 811 inscriptum
903 707 1033 786 videtur
1047 709 1114 785 sub
1129 709 1269 784 'liberio

259 843 307 906 2⁰.
334 831 474 908 Kalend.
488 831 746 974 Cuprurriomm,
766 832 831 908 sub
845 861 913 935 quo
925 833 1062 907 nomine
1073 833 1196 935 saepius
1208 835 1273 909 edi·

210 973 280 1031 tum
298 973 358 1031 est.
378 957 563 1057 Supersunt
587 955 724 1031 nonnisr
713 956 918 1052 Augustus
935 971 969 1030 ιι
986 955 1206 1056 September,
1222 955 1274 1031 sed

210 1078 364 1154 uberiore
380 1108 456 1154 cum
472 1077 694 1154 adnotatione.

260 1198 309 1275 30.
328 1199 468 1313 Kalend.
483 1199 728 1288 Arm'temrimm,
748 1199 1066 1304 epraestantissimis
1082 1199 1272 1277 fastismar-

210 1327 333 1402 moreis
341 1326 405 1415 ,in
422 1324 512 1429 quod
525 1307 723 1428 peculiarem
736 1325 1009 1401 commentarium
1024 1325 1213 1426 Purpurini
1222 1325 1272 1399 lu·

208 1450 270 1526 bes
283 1442 498 1547 ΜιΙΙιιιςιι
516 1449 627 1553 suppl.
644 1449 686 1527 ad
705 1448 823 1524 Graevii
838 1449 942 1550 antiq.
959 1465 1040 1523 tom.
1059 1445 1104 1536 3,
1118 1447 1270 1523 effossum

209 1601 227 1648 e
242 1572 419 1648 rudenbus
435 1574 554 1650 veteris
573 1573 771 1649 Amiterni
761 1601 797 1646 m
815 1570 948 1646 Sabinis
971 1569 1102 1668 (hodie
1116 1571 1267 1673 Aput'lo).

211 1698 367 1773 Correcte
383 1697 439 1770 aeri
456 1696 599 1773 incisum
614 1716 665 1773 est
680 1697 772 1800 apud
789 1695 929 1790 Foggin.
943 1721 978 1794 p.
1002 1719 1083 1768 100.
1116 1694 1185 1770 Sex
1199 1722 1269 1797 pos·

209 1819 345 1893 teriores
360 1846 490 1892 menses
507 1820 587 1891 satis
603 1820 725 1912 integri
742 1831 930 1918 supersunt

259 1949 308 2042 40.
336 1946 474 2023 Kalend.
498 1947 699 2024 Αιιιιὶιιίιιιιιιι
721 1977 739 2022 ι
761 1947 940 2023 ruderibus
965 1946 1090 2023 theatri
1113 1950 1267 2025 Antiatini

212 2074 361 2173 (Auro)
380 2090 529 2162 erutum,
547 2073 628 2148 item
644 2073 847 2174 posteriores
864 2100 921 2147 sex
936 2100 1068 2148 menses
1084 2074 1269 2178 complecti-

211 2213 288 2283 tor,
323 2223 466 2295 quorem
491 2195 634 2292 singulis
659 2196 752 2271 deest
778 2195 874 2271 decas
896 2196 1013 2298 prima.
1041 2198 1222 2301 Inscriptio
1239 2198 1268 2271 in

212 2318 382 2419 superiore
398 2320 520 2395 tabula
533 2338 627 2423 parte
643 2337 792 2410 testator,
805 2321 946 2396 incisum
960 2349 1031 2396 esse
1039 2351 1189 2398 marmor
1202 2351 1270 2398 cum

213 2439 344 2538 collegii
361 2443 556 2518 libertorum
574 2472 813 2546 vernarumque
830 2443 949 2519 domus
973 2446 1137 2540 Augustae
1155 2449 1190 2520 in
1207 2452 1272 2522 tlu-

211 2563 329 2639 tiatino
348 2593 479 2642 secessu
496 2566 704 2663 degentium,
723 2567 825 2669 idque
840 2567 905 2643 sub
922 2567 1051 2642 Claudii
1070 2569 1223 2671 imperio.

258 2697 306 2771 50.
338 2698 521 2774 Hectorem
538 2699 578 2775 ad
596 2717 742 2774 montem
760 2699 913 2774 Pincium
929 2717 1077 2787 erutum,
1100 2720 1219 2802 praeter
1232 2699 1270 2773 li·

212 2837 298 2895 teras
315 2822 513 2898 nundinales
531 2840 564 2898 et
582 2822 708 2897 dierum
725 2823 868 2898 rationes
885 2823 969 2897 nihil
986 2824 1141 2898 continet.
1171 2825 1270 2898 Com·

209 2942 367 3044 plectitur
383 2973 512 3018 meuses
528 2973 546 3019 a
560 2945 627 3021 Jul.
645 2945 688 3019 ad
705 2947 829 3022 Octob.
847 2945 1016 3022 inclusive.

244 3063 306 3174 '5⁰'
326 3063 518 3140 Woudrwn
534 3069 662 3143 Maium
675 3051 709 3143 et
723 3069 862 3144 lunium
880 3069 1117 3170 complectitur.

260 3199 308 3290 7⁰.
330 3187 517 3263 Vaticanum
550 3219 568 3264 a
599 3192 764 3285 Fogginio
794 3194 938 3293 primum
970 3192 1098 3267 editum
1126 3192 1271 3267 continet

210 3310 370 3411 quosdam
385 3310 514 3414 Aprilis
536 3329 571 3387 et
589 3312 705 3387 Martii
724 3313 804 3389 dies.
826 3296 1268 3416 Alisanumfflxquilinum,
1323 3391 1327 3398 ,

207 3434 441 3509 Famesianum
455 3434 593 3509 minoris
609 3437 770 3510 momenti
787 3451 874 3509 sunt.
903 3436 1077 3538 Suppositi
1096 3453 1222 3524 autem,
1238 3452 1270 3510 et

209 3555 276 3630 lere
292 3586 331 3630 ex
345 3556 468 3633 Ovidio
484 3559 662 3661 descripti,
681 3587 767 3660 quos
779 3560 974 3635 Menochius
987 3560 1112 3650 edidit,
1128 3560 1205 3636 lasti
1218 3587 1270 3635 ser

208 3677 360 3781 priorum
381 3681 554 3755 mensium.
588 3724 627 3739 -
650 3681 886 3758 Kalendarium
909 3684 1086 3759 Rusticum
1104 3684 1271 3760 Famesia·

208 3832 289 3878 num
300 3819 415 3878 contra
430 3804 647 3882 Pontederam
658 3807 759 3909 antiq.
771 3836 805 3910 p.
821 3806 908 3909 393,
920 3807 1268 3906 sindicatFogginius,

209 3954 242 4027 p.
275 3927 351 4021 rol.
376 3926 582 4029 supersedeo
598 3956 767 4005 recensere
781 3929 870 4020 loca,
888 3930 946 4005 ubi
962 3960 1075 4006 eorum
1094 3933 1130 4006 in
1147 3930 1270 4007 Ouidio

210 4048 328 4151 aliquis
355 4078 436 4126 usus
463 4069 533 4142 est,
559 4070 721 4129 eteorum
741 4052 776 4128 in
800 4054 956 4152 gratiam,
974 4054 1098 4157 quibus
1115 4052 1268 4153 Fogginii
