2692 4672
149 251 217 345 496
360 306 364 311 .
538 250 825 321 excursus

147 412 248 485 sunt,
276 392 424 495 quadam
449 392 612 468 illustrata
636 392 786 483 fuerint,
814 423 889 495 spes
914 395 997 469 mihi
1022 415 1075 472 est
1096 399 1208 497 jucun-

146 510 288 585 dissima.

193 625 344 722 Quaestio
361 626 474 700 statim
491 627 525 698 in
542 623 654 701 limine
675 623 834 701 movenda
855 628 974 702 merito
991 630 1029 704 in
1046 659 1086 704 eo
1104 660 1208 707 versa-

145 759 218 828 tur,
236 740 325 814 unde
340 739 463 816 factum
479 741 543 829 sit,
562 760 600 815 nt
617 743 722 844 mythi
740 744 857 818 veteris
872 743 992 833 ltaliae,
1013 746 1043 820 si
1061 749 1119 847 qui
1135 748 1207 823 huie

20 859 25 879 “
146 873 238 930 terrae
253 856 382 957 proprii
403 857 513 945 fuere,
537 856 572 930 in
590 857 718 959 populo
739 875 792 930 tot
814 856 1015 958 scriptorum
1037 859 1134 936 laude
1148 863 1207 936 llo-

43 1036 47 1042 .
144 989 236 1045 rente
261 971 343 1045 adeo
364 999 481 1072 parum
505 972 679 1074 propagati
705 973 798 1059 sint,
821 987 860 1045 ut
875 971 930 1047 vix
952 973 1044 1049 nllus
1061 976 1205 1073 integer,

144 1087 263 1189 reliqui
281 1086 346 1160 fere
364 1115 479 1162 omnes
498 1116 572 1162 cum
595 1088 707 1182 graecis
728 1087 851 1163 sabulis
874 1089 1005 1163 confusi
1023 1095 1205 1191 supersint,

143 1203 278 1305 plurimi
301 1200 494 1276 interierint.
521 1203 572 1275 Ex
597 1200 666 1276 sola
691 1203 778 1276 enim
802 1204 989 1279 accessione
1013 1205 1205 1302 religionum

145 1346 337 1416 graecarum,
352 1347 440 1419 quae,
451 1348 554 1420 quum
562 1318 767 1421 frequentior
775 1321 982 1395 consuetudo
989 1321 1074 1396 inter
1084 1340 1207 1398 utrum·

145 1463 210 1536 que
220 1434 381 1536 populum
390 1433 592 1509 intercedere
603 1435 725 1537 coepit,
741 1437 883 1511 Romam
895 1436 1009 1512 delate
1021 1455 1112 1524 sunt,
1124 1467 1207 1513 non-

145 1557 225 1630 dum
242 1553 368 1656 patrios
382 1553 514 1653 mythos
528 1571 711 1626 summotos
734 1581 804 1627 esse
831 1570 863 1626 et
885 1553 1064 1628 decessisse
1080 1583 1205 1630 necesse

145 1691 205 1747 est.
225 1669 395 1770 Heynins,
418 1669 483 1744 Vir
501 1667 553 1741 Ill.
571 1667 593 1740 l.
614 1698 641 1742 c.
661 1666 701 1742 ad
718 1697 856 1770 pravum
871 1669 957 1744 illud
979 1673 1203 1746 Romanorum

144 1788 310 1874 studium,
335 1813 447 1858 omnes
470 1813 523 1859 res
542 1812 617 1890 suas
638 1785 841 1887 antiquiores
858 1787 1007 1888 adeoque
1026 1789 1158 1889 mythos
1175 1807 1205 1863 et

37 1996 43 2009 ³
144 1903 321 1998 religiones
343 1902 386 1975 ab
409 1901 595 2002 antiquiore
619 1901 732 2003 aliquo
754 1902 882 2005 populo
899 1934 927 1976 v.
949 1933 977 1977 c.
996 1905 1152 2004 Trojanis
1172 1924 1204 1979 et

148 2017 270 2090 Graecis
287 2015 470 2115 repetendi,
489 2015 573 2088 hanc
586 2043 653 2089 rem
667 2016 776 2091 refert.
790 2016 893 2090 Aliud
904 2016 987 2090 mihi
1004 2037 1204 2094 momentum

144 2132 205 2204 hac
221 2131 256 2202 in
270 2156 367 2203 causa
380 2130 515 2230 insuper
529 2130 779 2230 ponderandum
789 2130 928 2204 videtur.
939 2130 1107 2208 Videmus
1121 2133 1203 2206 enim

144 2245 290 2349 populos
308 2245 464 2347 antiquos
480 2245 515 2319 in
532 2247 647 2346 primis
664 2245 799 2321 culturae
817 2245 976 2342 gradibus
992 2267 1158 2323 versantes
1173 2265 1205 2322 et

143 2376 220 2435 ante
238 2360 317 2434 artis
334 2361 514 2462 scriptoria
532 2359 582 2433 vel
600 2358 743 2460 plastice
765 2360 858 2433 initia
876 2359 918 2434 ad
935 2359 1069 2436 tabulas
1086 2380 1118 2436 et
1133 2359 1206 2434 reli-

144 2476 258 2574 giones
280 2504 355 2550 suas
376 2473 608 2577 propagandas
628 2494 661 2549 et
683 2477 871 2577 posteritati
893 2475 1073 2551 tradendas
1096 2477 1207 2551 earmi-

143 2597 269 2685 nibus,
292 2624 364 2696 quae
380 2623 397 2668 a
416 2594 529 2668 bardis
546 2594 615 2668 suis
631 2595 812 2695 composita
829 2596 1046 2697 omniumque
1069 2627 1125 2671 ore
1145 2597 1204 2668 fre

144 2727 300 2812 quentata
318 2727 432 2796 erant,
453 2708 494 2783 ad
512 2736 616 2781 unum
633 2709 700 2782 lere
718 2737 831 2783 omnes
850 2738 929 2784 usos
949 2739 1031 2784 esse.
1055 2712 1203 2783 Habuere

142 2821 303 2922 ejusmodi
328 2822 472 2897 carmina
505 2821 634 2909 Graeci,
661 2823 825 2911 Romani,
853 2824 1029 2910 Germani,
1062 2823 1201 2896 Hebraei.

143 2938 228 3032 Qnae
239 2937 268 3010 si
281 2936 400 3030 igitur,
413 2933 465 3008 vel
480 2935 524 3007 oh
536 2934 717 3009 naturalem
733 2964 848 3010 eorum
864 2937 1097 3038 praestantiam,
1113 2936 1207 3009 utin

142 3049 254 3145 graecis
272 3047 471 3121 carminibus
487 3047 764 3138 Homeridamm,
789 3051 839 3124 vel
857 3050 1062 3152 casualiquo
1080 3068 1204 3125 servam

141 3186 239 3257 sunt,
257 3151 380 3240 veteres
397 3164 461 3239 illae
477 3165 556 3240 ideae
572 3183 605 3238 et
620 3165 738 3240 sabula
752 3166 852 3267 hujus
867 3168 989 3268 populi
1003 3197 1084 3243 cum
1095 3168 1204 3268 iispo·

141 3282 280 3355 steritati
298 3279 423 3353 traditae
439 3297 472 3353 et
488 3276 582 3379 qnasi
599 3278 729 3354 sancite
747 3298 840 3368 sunt,
861 3281 1064 3355 econtrario
1077 3309 1146 3355 cum
1158 3279 1202 3353 iis

139 3398 288 3499 plurime
305 3399 412 3494 gentis
429 3396 548 3471 fabulae
564 3396 707 3498 periere,
730 3416 763 3472 et
783 3397 918 3473 unicum
941 3419 1021 3473 tuuc
1043 3398 1201 3473 memoria

140 3541 244 3607 genus
260 3541 406 3586 mansere
424 3511 509 3586 ritus
525 3513 608 3586 sacri
626 3513 660 3585 in
677 3513 869 3586 memoriam
882 3515 1030 3587 Deorum
1045 3514 1198 3586 instituti.

139 3633 189 3704 lta
207 3629 292 3702 inter
308 3633 479 3705 Romanos
496 3630 619 3702 lactum
636 3658 706 3703 esse
721 3631 875 3704 arbitror.
895 3631 1005 3706 Rodia
1024 3634 1101 3720 illa,
1129 3661 1199 3733 quae

139 3747 271 3822 Latium
287 3762 320 3818 et
333 3748 441 3818 Roma
456 3745 619 3834 habuere,
635 3748 739 3846 patria
756 3749 897 3822 carmina
918 3758 944 3835 ¹,
962 3753 1046 3825 citra
1062 3752 1200 3825 dubium

171 3941 179 3971 ¹
199 3935 337 4006 Ejusmodi
349 3935 425 3988 suere
438 3935 645 3988 Salumri'versus
695 3953 720 4004 r,
739 3930 802 4005 lid,
818 3950 844 3993 et
856 3938 958 3992 Ennius
973 3940 1041 4011 apud
1057 3941 1112 3996 cie
1124 3942 1198 3994 Brut.

137 4028 223 4071 metro
231 4017 290 4070 rudi
299 4013 550 4078 etinconditofflor.
559 4034 599 4084 ep.
608 4016 644 4081 ll,
697 4017 741 4078 18;
755 4021 867 4072 carmine
873 4018 993 4081 Satria-eir,
1006 4031 1199 4090 poetea,quunr
