2692 4672
196 368 262 462 49⁸
581 358 869 433 Excttttstts

192 535 288 593 mus,
306 521 346 577 ut
359 531 388 574 r.
408 529 435 574 c.
457 502 637 576 Saturnum
653 503 821 603 consata
837 501 958 599 agresti
974 499 1011 575 in
1025 510 1160 604 Κρόνον,
1170 486 1264 608 qnod

193 621 247 696 ille
256 616 345 721 falce
366 617 572 706 demetebat,
596 617 717 693 abiisse
739 619 836 695 multi
860 621 946 695 bene
967 618 1200 695 observarunt
1224 626 1262 698 ln

194 734 266 810 aliis
280 762 309 807 v.
329 763 358 808 c.
375 734 477 808 Anno
487 733 649 820 Perenna,
670 734 779 821 Matio,
796 734 916 820 Sanco,
932 735 1133 812 hauddubie
1145 738 1262 840 appel·

190 848 322 925 lationis
342 842 611 939 similitudinem,
629 850 663 922 in
678 848 754 924 aliis
771 868 810 923 nt
825 850 862 924 in
878 849 1025 937 Matuta,
1043 854 1139 928 vocis
1155 855 1260 952 signi-

190 962 374 1040 ficationem
389 963 474 1038 illud
492 983 695 1040 momentum
713 964 837 1054 luisse,
856 994 926 1067 quo
943 967 1077 1043 nornine
1090 997 1259 1072 compara·

190 1081 314 1155 bantur
329 1098 363 1155 et
379 1081 686 1170 commutabantur,
704 1099 857 1182 apparet;
876 1082 950 1157 vide
967 1082 1064 1157 inlra.

238 1200 289 1273 De
315 1196 513 1299 quibusdam
536 1213 624 1271 certe
649 1196 843 1273 numinibus
864 1197 901 1271 in
922 1214 1032 1274 vetere
1056 1199 1155 1273 latio
1178 1201 1258 1275 eitra

190 1315 448 1390 controversiam
476 1313 689 1403 domesticis,
715 1311 822 1414 deque
845 1313 985 1388 aliorum
1008 1311 1173 1414 probabili
1196 1343 1259 1389 no-

190 1435 282 1509 tione
296 1451 329 1507 et
341 1426 562 1533 interpolandi
573 1431 700 1506 ratione
718 1431 866 1532 quedam
877 1431 978 1506 rerba
993 1432 1111 1520 lacere,
1127 1448 1206 1534 post
1216 1462 1258 1507 ea

192 1579 265 1655 quae
280 1549 333 1625 lll.
348 1551 497 1651 lleynius
507 1548 529 1622 l.
541 1577 568 1622 c.
579 1549 699 1637 habet,
715 1548 758 1622 ab
774 1549 887 1623 Ovidii
900 1550 1172 1652 interpretatione
1188 1579 1257 1624 non

196 1664 340 1741 alienum
354 1664 424 1737 erit.
439 1661 598 1737 Universa
615 1662 751 1736 numina
763 1659 839 1750 illa,
853 1663 955 1737 modo
966 1690 1062 1760 reges
1074 1663 1258 1766 berocsque
1332 1726 1339 1743 s

189 1783 226 1856 in
243 1781 380 1855 deorum
397 1805 569 1854 numerum
586 1779 702 1868 relati,
726 1780 828 1854 modo
844 1779 1001 1882 presides
1026 1797 1061 1856 et
1079 1782 1182 1883 primi
1197 1812 1257 1858 au·

189 1919 298 1974 ctores
314 1924 451 2000 operum
466 1897 660 1993 agrestium,
678 1896 778 1970 modo
795 1896 950 1999 nymphe
973 1912 1007 1974 et
1026 1899 1167 1973 numina
1188 1898 1256 2000 syl·

188 2016 307 2090 ventrio
334 2032 367 2089 et
394 2031 549 2088 montana
573 2012 734 2087 vaticiniis
760 2012 867 2102 clara,
895 2013 997 2089 modo
1020 2012 1075 2088 dei
1103 2013 1255 2090 tutelares

189 2128 396 2226 singulorum
408 2127 580 2203 bominum
590 2127 711 2216 fuisse,
727 2125 892 2201 videntur.
907 2130 959 2203 De
968 2128 1059 2203 Jono
1072 2147 1111 2203 et
1123 2129 1255 2204 &mm

188 2243 405 2321 celeberrimis
425 2243 561 2318 omnino
585 2243 620 2317 in
644 2243 706 2318 bac
725 2242 932 2346 mythologie
954 2242 1155 2322 nominibus
1176 2247 1207 2320 b.
1231 2245 1252 2319 l.

186 2388 282 2459 agere
297 2359 513 2460 supersedeo:
526 2358 566 2431 de
581 2356 769 2458 alteroque
783 2360 902 2433 tentari
914 2376 1059 2461 possunt
1070 2361 1113 2435 ad
1124 2363 1211 2437 Fast
1221 2364 1255 2449 l,

187 2476 322 2574 collegi;
336 2477 377 2551 de
393 2475 497 2550 altero
514 2476 556 2548 ad
572 2473 623 2548 ΙΙΙ.
639 2475 806 2576 lleynium
819 2473 841 2548 l.
858 2503 884 2548 c.
899 2473 1043 2572 relegare
1059 2476 1185 2554 licebit.
1207 2480 1258 2552 De

188 2596 313 2672 ὃίἱναηο
335 2594 439 2670 multa
462 2593 596 2689 collegit
621 2610 654 2668 et
675 2592 858 2693 disputavit
879 2593 932 2667 lll.
950 2596 1049 2669 Voss.
1071 2595 1115 2669 ad
1139 2596 1255 2693 Eclog.

188 2738 222 2813 p.
242 2711 324 2784 521.
343 2707 568 2783 Deliberas.
591 2706 738 2781 Loebosr'o
754 2706 827 2783 vide
846 2708 996 2783 eumdem
1017 2709 1061 2784 ad
1077 2711 1150 2785 Ecl.
1170 2714 1257 2800 Vll,

191 2822 247 2901 58.
262 2827 314 2898 De
328 2824 460 2908 Cerere,
479 2849 552 2922 quae
569 2837 696 2894 mature
711 2851 786 2896 cum
799 2825 952 2900 Demetre
967 2842 1166 2899 commutata
1184 2846 1255 2913 est,

190 2940 244 3012 vix
262 2937 386 3038 aliquid
403 2952 524 3036 prater
540 2963 686 3024 nomen,
711 2937 802 3037 quod
819 2938 971 3013 sabinum
990 2964 1075 3025 esse,
1092 2957 1126 3011 et
1135 2966 1256 3039 partem

190 3084 306 3132 sonare
317 3050 664 3148 voluntgrammatici,
683 3074 852 3154 superest3
869 3055 958 3128 Serv.
975 3056 1018 3129 ad
1029 3054 1151 3150 Georg.
1169 3058 1206 3146 l,
1222 3084 1253 3157 7.

190 3170 259 3247 alii
277 3168 486 3271 explicabant
500 3195 561 3270 per
580 3168 694 3253 Geras,
715 3168 954 3269 permutatione
977 3168 1148 3247 literarum
1169 3174 1254 3246 auti-

193 3319 276 3390 qua;
296 3290 365 3363 Cic.
385 3306 451 3361 nat.
471 3286 560 3361 deor.
579 3286 632 3375 ll,
651 3283 707 3356 26.
724 3283 933 3361 Ambarvalia
948 3285 1007 3362 illa
1022 3288 1127 3387 (Tib.
1139 3291 1185 3377 ll,
1210 3293 1252 3382 1)

194 3405 316 3506 quibus
329 3405 468 3505 junctim
482 3433 557 3479 cum
572 3403 695 3479 Libero
710 3401 903 3505 plerumque
919 3393 1007 3480 culta
1023 3426 1090 3496 est,
1107 3405 1148 3481 ad
1161 3424 1254 3482 rete-

192 3550 260 3596 rem
268 3522 338 3620 ejus
345 3522 381 3593 in
390 3518 483 3595 ltalia
494 3518 619 3593 cultum
630 3518 796 3618 pertinere
813 3520 976 3609 videntur,
994 3550 1098 3621 quum
1112 3521 1257 3599 Cerealia

194 3655 310 3715 contra
325 3638 451 3713 urbana
467 3666 605 3740 prorsus
620 3662 712 3711 more
724 3664 829 3732 graeco
841 3637 1097 3731 celebrarentur,
1111 3659 1175 3715 eta
1187 3642 1256 3715 De-

194 3756 320 3833 metriis
337 3785 515 3853 grecorum
528 3753 666 3855 repetita
681 3770 806 3840 essent3
823 3753 893 3827 Cic.
902 3781 964 3855 pro
972 3754 1095 3846 Balbo,
1111 3787 1182 3860 cap.
1195 3760 1255 3851 24.

244 3874 296 3961 Si,
317 3869 408 3972 quod
427 3888 552 3943 eertum
568 3884 636 3954 est,
653 3869 718 3943 rita
733 3870 905 3969 pastoritia
921 3898 1078 3967 agrorum
1093 3872 1258 3947 culturam

197 3985 528 4089 inltaliapraecessit,
545 3985 680 4058 numina
693 3985 758 4059 buc
769 3987 966 4084 spectantia,
985 3987 1127 4063 utPoles
1139 4007 1174 4062 et
1185 3987 1260 4089 Ops

198 4095 283 4176 sorte
295 4103 391 4176 etiam
406 4100 591 4202 antiquiora
606 4117 685 4175 sunt
700 4097 767 4174 illis
783 4100 918 4176 culture
935 4105 1143 4193 auctoribus,
1160 4123 1195 4180 et
1213 4104 1255 4178 ad
