2692 4672
365 364 421 434 IN
448 366 633 436 OVIDII
660 363 880 434 FASTOS.
1086 368 1154 461 499

91 506 266 584 vitamfere
276 507 481 583 nomadicam
496 506 670 582 ascendere
686 524 838 607 possunt.
858 506 974 582 Palilia
990 507 1048 583 illa
1064 511 1153 611 (vid.

91 628 180 699 Fast.
197 626 267 712 IV,
290 623 385 724 721)
406 625 478 724 ipsa
501 627 610 698 Roma
633 622 820 724 antiquiora
844 625 1032 699 memoriam
1056 626 1161 702 nobis

94 758 266 817 servarunt
278 741 384 828 Pnb's,
405 741 444 816 dc
460 770 528 841 quo
544 740 680 817 numine
693 757 759 813 tam
772 766 889 839 parum
904 738 1023 839 liquet,
1037 764 1075 818 ut
1087 743 1159 820 aliis

94 859 234 944 semina,
259 856 333 932 aliis
350 885 424 932 mas
445 857 620 946 videatur,
646 855 738 958 qnod
752 855 795 929 ad
811 854 980 955 antiquam
997 874 1158 949 statuam,

96 976 190 1072 cujus
204 1002 300 1049 serus
314 1005 383 1049 nou
398 974 539 1076 amplius
553 973 733 1076 apparebat
743 1028 753 1062 ,
762 970 862 1047 refert
872 971 923 1046 ΙΙΙ.
938 974 1036 1047 Lena.
1048 975 1089 1048 ad
1099 976 1120 1051 l.
1130 1010 1157 1054 c.

97 1093 243 1167 Plurima
258 1123 297 1169 eo
314 1093 467 1181 redeunt,
486 1091 708 1194 procreationi
722 1107 757 1167 et
772 1091 977 1186 generationi
995 1119 1065 1165 eam
1081 1120 1163 1193 prae·

96 1208 219 1297 fuisse,
239 1208 330 1311 quod
349 1225 382 1282 et
398 1209 507 1310 ipsum
522 1208 599 1282 festi
618 1233 741 1281 nomen
757 1207 899 1295 iudicat3
920 1208 1088 1282 nonenim
1103 1238 1164 1311 pro

96 1325 232 1425 pecudis
248 1323 356 1398 solum
368 1381 378 1412 ,
392 1324 450 1400 sed
467 1340 503 1398 et
516 1322 691 1399 mulierum
703 1321 920 1411 fecunditate,
940 1350 979 1396 eo
993 1323 1078 1399 sesto
1091 1344 1167 1401 vota

95 1457 251 1541 suscepta
267 1439 407 1536 legimus
426 1449 455 1527 ¹,
471 1456 503 1513 et
513 1437 786 1538 alterascriptura
794 1439 920 1513 Pant‘a
933 1440 1165 1543 (apariendo)

98 1558 165 1631 boc
178 1573 290 1657 aperte
308 1553 428 1628 innuit.
447 1554 657 1655 Comparatio
673 1554 828 1655 pluribus
841 1557 997 1645 vocibus,
1016 1560 1075 1633 ubi
1085 1562 1101 1633 l
1106 1579 1171 1640 etr

100 1688 305 1746 commutata
321 1687 416 1758 sunt,
435 1687 468 1743 et
479 1670 510 1744 r'u
526 1699 558 1745 se
570 1670 708 1748 invicem
720 1672 891 1761 abierunt,
911 1673 1044 1772 (ceria,
1059 1675 1167 1765 celia,

101 1794 221 1885 λείριον,
242 1784 370 1871 ΙίΙίιιιιι;
398 1783 440 1858 cs.
466 1785 556 1884 quod
578 1785 677 1861 Ovid.
696 1805 800 1863 tentat
809 1787 856 1861 de
872 1789 1040 1863 Remuriia
1058 1808 1091 1863 et
1107 1793 1169 1866 Le-

102 1901 252 1994 muriis)
276 1899 342 2000 ipsi
367 1897 538 2001 scriptore
562 1899 658 1974 Pales
679 1915 710 1974 et
737 1900 856 1975 Pattt
889 1902 972 1977 banc
999 1904 1170 1981 notionem

103 2022 210 2095 inesse
225 2019 292 2092 fere
309 2017 484 2093 crederem.

158 2134 240 2236 Opis
258 2161 379 2210 nomen
399 2132 529 2208 divitias
547 2149 581 2207 et
602 2131 804 2234 opulentiam
824 2132 927 2236 prisci
949 2135 1093 2212 hominis
1115 2167 1169 2212 ru·

104 2250 202 2340 stici,
222 2280 295 2352 quae
312 2250 409 2326 inrei
424 2248 584 2352 pecuariae
600 2266 634 2328 et
648 2277 785 2346 gregrem
801 2250 969 2327 affluentia
986 2271 1064 2329 totae
1080 2282 1171 2328 com·

103 2366 411 2467 prebendebantur,
435 2364 555 2440 referre
576 2364 715 2440 videtur.
737 2365 811 2466 Ops
829 2372 986 2454 essenis,
1012 2368 1107 2457 ovis,
1132 2386 1172 2442 ut

104 2487 192 2569 δαὶς,
217 2481 317 2583 daps,
342 2497 376 2554 et
395 2509 414 2553 a
435 2480 560 2581 pecude
581 2479 624 2557 ast
646 2507 778 2561 omnem
806 2479 1050 2580 possessionem
1083 2483 1172 2557 auti-

106 2598 219 2700 quitus
236 2595 430 2672 translatum
440 2624 512 2670 esse
520 2596 587 2694 jam
599 2595 695 2696 prius
706 2595 871 2670 monitum
881 2614 932 2670 est
946 2606 976 2688 ²;
994 2597 1058 2671 vid.
1072 2600 1170 2674 Voss.

105 2714 147 2789 ad
160 2712 231 2789 Ect.
250 2716 303 2801 X;
322 2711 441 2808 scalig.
460 2711 502 2785 ad
518 2713 546 2784 F
546 2728 606 2785 est.
623 2711 659 2795 h,
673 2740 704 2784 v.
723 2711 791 2786 Pro
805 2711 939 2786 Saturni
955 2713 1095 2812 conjuge
1106 2713 1171 2814 jam

107 2851 186 2907 tunc
203 2830 304 2906 fuisse
319 2828 490 2916 habitam,
506 2825 627 2928 Opalia
639 2853 715 2900 eum
723 2825 957 2903 Saturnalibus
972 2830 1169 2927 conjuncta,

109 2967 143 3022 et
158 2948 244 3049 Opis
261 2974 337 3021 cum
355 2945 476 3032 Rhea,
503 2942 611 3018 Croni,
629 2968 757 3030 uxore,
780 2943 993 3020 commutatio
1016 2943 1172 3028 innuuut.

110 3061 284 3135 Macrobio
301 3063 364 3158 (l,
389 3059 459 3158 ro)
476 3059 550 3160 ipso
567 3085 643 3133 cum
653 3058 799 3133 Satumo
812 3057 947 3156 frugum
960 3078 994 3133 et
1005 3060 1172 3133 fructuum

111 3194 298 3279 repertores
311 3178 483 3266 dicuntur,
500 3203 588 3250 nuuc
600 3193 755 3276 tanquam
773 3175 847 3254 vitae
858 3173 1007 3250 cultioris
1018 3194 1172 3250 auctores

145 3358 154 3387 ¹
173 3351 269 3408 Tibull.
280 3351 324 3418 11,
337 3367 369 3418 u,
384 3371 430 3425 91:
443 3352 556 3422 Etsetus
567 3369 620 3403 aaa·
666 3348 780 3405 bominis
790 3349 871 3419 copia
881 3349 1060 3416 versabantur,
1072 3355 1172 3418 κολὺμη·

111 3435 264 3487 mundabat
272 3440 321 3484 etc.
330 3430 437 3484 Festus:
448 3431 544 3484 Parilia
552 3428 619 3484 fena
665 3435 716 3494 tor,
733 3431 850 3505 rotioepm
861 3426 930 3498 apud
942 3427 1093 3482 Homerum
1103 3446 1171 3498 saepe

111 3511 159 3567 sibi
177 3506 338 3563 observanda
360 3506 478 3579 judicant
496 3508 618 3576 privatim
666 3507 802 3562 notionem
810 3504 921 3560 divitum
930 3505 1170 3578 prebent,utinde

112 3587 171 3655 ipsae
181 3604 284 3655 quoque
293 3601 428 3654 puerperae
437 3581 509 3636 domi
518 3582 545 3635 in
553 3593 619 3635 stra·
662 3591 770 3652 pecuum
782 3582 891 3650 dieitur,
902 3593 932 3637 ut
943 3581 1012 3652 apud
1021 3583 1170 3638 Homerum

115 3669 159 3734 tis,
173 3679 203 3720 ut
214 3663 340 3736 pariendo
356 3665 388 3719 ab
404 3663 434 3717 i'n
448 3661 618 3718 stabiliantur.
665 3668 763 3739 epum
781 3664 791 3730 (
799 3664 956 3718 raadeludes
969 3663 1043 3729 cut)
1054 3680 1112 3733 quo
1123 3685 1174 3715 xre·

114 3748 155 3799 De
176 3745 242 3798 votis
259 3761 308 3815 pro
324 3740 430 3814 pecudis
451 3750 544 3812 partu,
559 3739 617 3793 vide
665 3750 757 3813 putiau
777 3753 968 3813 opponuntur,
993 3754 1020 3798 et
1040 3741 1170 3810 hodieque

113 3824 192 3876 utiam
205 3822 314 3894 Dionys.
323 3821 353 3887 l,
366 3821 411 3886 88,
422 3829 449 3874 et
460 3817 539 3874 ovid.
550 3819 567 3872 Ι.
579 3838 602 3872 c.
667 3823 761 3894 partim
772 3824 798 3876 iu
808 3822 950 3877 Germania
961 3819 1171 3889 taure'xoer’a'goxiu

145 3903 158 3934 ²
174 3901 217 3955 Ab
235 3899 289 3969 ipsa
305 3899 393 3952 forma
404 3897 568 3968 opis...ovia
580 3906 619 3951 eat
667 3903 716 3955 das
730 3905 787 3956 Gn!
801 3912 943 3966 uocantur,
959 3900 994 3952 ita
1007 3917 1066 3966 opes
1080 3907 1172 3968 postea

116 3980 212 4050 opilio,
229 3999 278 4050 pro
290 3998 344 4049 quo
355 3990 382 4033 ct
393 3979 470 4033 ovilio
482 3979 619 4048 reperitur.
668 3977 702 4031 da
723 3978 866 4045 omnibns,
887 3982 1056 4046 quaecumque
1080 3973 1171 4042 aliquis

118 4060 183 4115 inde
196 4061 349 4132 opulentus,
362 4059 443 4130 inops.
454 4059 494 4112 Ut
505 4068 619 4112 autema
668 4056 796 4128 possideat
805 4095 812 4122 ,
821 4054 870 4109 diei
879 4051 1170 4124 commentum.

117 4140 233 4208 pecude,
248 4141 277 4194 in
297 4157 350 4211 quo
367 4156 460 4194 omnes
471 4137 529 4192 fere
544 4137 620 4207 prinei
668 4135 741 4203 epist
752 4133 835 4206 myth.
848 4132 875 4200 t,
891 4153 927 4200 ¹7·
