2692 4672
417 321 470 389 m
496 321 678 389 ov1n11
702 322 917 389 nosnos.
1069 276 1073 298 '
1138 322 1204 414 rs,

135 466 248 567 ipsum
272 461 357 535 hanc
378 461 617 550 differentiam,
636 480 675 536 ut
695 480 733 534 nt
760 463 953 550 maximam,
978 462 1128 548 novisse,
1154 460 1206 534 vel

137 578 350 684 expressisse.
371 577 476 653 Penes
494 579 691 679 interpretes
708 576 810 673 igitur
825 593 935 650 manet
954 605 1082 678 semper
1098 577 1207 651 iures*

141 693 276 791 tigano,
290 691 385 793 quale
400 711 492 767 ortus
504 720 606 789 genus
620 692 654 765 in
667 689 799 788 singulo
813 688 888 763 loco
905 690 1132 790 accipiendum
1145 690 1207 776 sit3

140 825 176 882 et
192 833 261 880 non
275 806 396 879 mirum
410 824 460 879 est
475 835 560 906 sepe
574 832 631 881 eos
644 806 679 878 in
694 806 819 880 diversa
836 803 944 888 abire,
958 803 1123 902 siquidem
1139 804 1209 878 sine

141 919 270 1016 calculo
287 938 320 995 et
342 920 458 995 tabula
480 920 564 995 nihil
589 921 654 996 nisi
681 920 818 1018 globum
843 919 945 993 aliave
964 916 1154 996 kalendaria
1174 922 1210 994 in

141 1036 321 1113 consilinm
337 1054 541 1112 vocaverant.
566 1041 645 1112 Non
666 1037 774 1113 solum
792 1038 833 1112 od
850 1037 914 1111 hoc
931 1035 1129 1124 ridendum,
1151 1037 1210 1112 sed

141 1155 294 1230 universe
304 1155 346 1229 ad
359 1157 528 1231 veritatem
544 1157 795 1232 astronomicam
806 1153 1064 1254 dijudicandam,
1075 1155 1209 1255 expedi-

141 1272 300 1348 tissimam
316 1303 392 1350 sane
409 1274 494 1349 viam
511 1274 640 1376 aperuit
655 1292 688 1348 et
704 1273 807 1347 cuivis
824 1292 989 1375 patentem
1005 1270 1208 1348 calculorum

139 1376 238 1462 ctiam
245 1386 401 1487 imperito
409 1389 564 1475 Petreius,
578 1386 699 1464 tahulis
708 1387 902 1474 condendis,
917 1387 1084 1488 inquibus
1093 1386 1207 1463 multis

139 1502 248 1606 iisque
265 1505 446 1580 notissimis
460 1503 566 1580 stellis
581 1520 675 1578 ortus
690 1531 892 1603 occasusque
908 1503 1060 1595 cosmici,
1071 1503 1206 1590 helisei,

141 1620 320 1721 acronychi
336 1621 379 1695 ad
396 1623 512 1696 Romae
530 1639 563 1694 et
579 1619 786 1697 Alexandriae
810 1620 1037 1708 horizontem,
1060 1648 1135 1694 cum
1160 1620 1208 1693 si-

143 1766 282 1834 gnorum
300 1740 430 1814 Zodiaci
446 1740 614 1841 partihns,
630 1742 665 1813 in
683 1768 765 1841 quas
778 1768 865 1814 anno
876 1739 986 1841 primo
1002 1741 1025 1812 J
1027 1737 1138 1813 uliano
1156 1739 1209 1811 in-

143 1855 312 1944 cidebant,
330 1856 493 1953 adsignati
510 1874 598 1931 sunt.
622 1855 804 1951 Uranolog.
822 1885 888 1931 rar.
908 1856 997 1931 Diss.
1025 1885 1058 1956 p.
1085 1855 1205 1928 5861ss

144 1970 207 2043 His
225 1970 395 2066 signorum
411 1971 564 2071 partibus
581 1969 622 2045 ad
639 1969 762 2044 mensis
778 1969 870 2057 dies,
892 1972 1014 2071 quihus
1033 1989 1112 2046 tnnc
1126 1990 1208 2046 tem-

144 2088 235 2188 poris
251 2088 494 2190 respondebant
511 2085 924 2176 secundum-laterculum,
947 2089 1039 2189 quod
1061 2117 1135 2190 pag.
1160 2091 1205 2192 57

144 2207 318 2307 premisit,
336 2204 464 2293 relatis,
483 2221 631 2280 accurate
647 2203 787 2299 intelligi
810 2222 939 2305 potest,
957 2207 1091 2305 quando
1113 2235 1206 2307 que-

144 2321 231 2420 piam
246 2320 340 2397 stella
350 2350 436 2396 anno
449 2324 557 2424 primo
565 2320 779 2409 Juliano,1vel
792 2324 925 2409 Romae,
936 2322 987 2395 vel
1000 2322 1207 2400 Alexandria

146 2449 218 2504 orta
233 2433 296 2521 sit,
313 2433 364 2507 vel
379 2435 549 2524 occiderit,
564 2435 672 2525 unde,
692 2433 787 2534 quale
802 2454 894 2510 ortus
912 2463 1086 2511 occasusve
1105 2466 1208 2537 genus

142 2548 177 2621 in
193 2548 308 2623 Ovidii
320 2548 526 2652 aliorumque
536 2553 766 2628 notationibus
781 2550 1030 2649 intelligendum
1046 2554 1106 2641 sit,
1126 2584 1206 2654 qna·

127 2720 130 2725 -
144 2683 242 2743 tenus
256 2668 298 2743 ad
313 2668 481 2743 veritatem
494 2671 748 2744 astronomicum
760 2667 932 2756 accedant,
947 2666 998 2741 vel
1013 2668 1155 2770 deniqne
1165 2693 1216 2744 au·

143 2772 369 2878 negligentiae,
383 2780 434 2856 rel
453 2781 616 2873 Ovidius,
633 2783 684 2857 rel
700 2784 770 2882 ejus
782 2800 932 2856 auctores
950 2780 1104 2883 culpandi
1117 2784 1206 2871 sint,

143 2898 280 2995 judicari
297 2915 418 3001 potest.
446 2899 556 2996 Quam
578 2899 747 2975 fructuosa
774 2900 818 2974 sit
840 2900 909 2974 haec
931 2898 998 2987 via,
1024 2927 1122 3000 qnam
1139 2901 1205 2998 jam

146 3015 297 3089 Petavius
314 3031 530 3116 exposuerat,
546 3014 588 3090 ad
605 3017 753 3092 criticum
768 3016 815 3091 rei
832 3017 999 3105 studium,
1022 3017 1206 3091 luculenter
1321 3093 1326 3104 ,

146 3128 296 3206 laudatus
313 3134 363 3206 lll
380 3132 488 3208 Psallii
505 3130 590 3205 liber
606 3133 769 3222 ostendit,
796 3134 853 3235 qui
872 3151 978 3216 tamen
995 3157 1205 3204 numerorum

149 3245 236 3348 typis
250 3274 478 3347 expressorum
490 3266 673 3347 accuratam
690 3248 936 3345 castigationem
950 3245 1071 3346 passim
1092 3245 1127 3317 in
1147 3274 1206 3319 su-

146 3363 326 3463 spicionem
343 3368 488 3454 vocavit,
507 3382 541 3441 et
558 3361 658 3439 semel
679 3361 840 3438 inlocum
857 3360 992 3448 incidit,
1017 3361 1074 3462 qui
1096 3379 1208 3462 aperte

146 3478 246 3554 salsus
259 3496 328 3552 erat
345 3479 402 3578 (p.
421 3477 500 3578 95).
514 3479 676 3577 Quaedam
686 3480 785 3554 etiam
799 3480 894 3574 signa
906 3478 941 3551 in
954 3478 1077 3552 Ovidio
1091 3478 1206 3566 ohvin,

144 3593 311 3692 Aquarius
327 3610 361 3666 et
376 3591 487 3666 Pisces
500 3591 548 3664 ihi
565 3594 703 3683 desunt,
720 3611 808 3667 etex
824 3592 1007 3668 accessione
1023 3593 1207 3668 horizontis

146 3708 366 3798 atheniensis,
392 3706 451 3808 qni
467 3705 516 3778 ihi
538 3734 623 3807 sepe
651 3705 871 3798 desideratur,
895 3739 1048 3808 magnum
1071 3707 1208 3782 haberet

145 3824 379 3898 incrementum
394 3821 450 3896 illa
468 3820 593 3896 Petavii
610 3819 733 3896 tabula.

194 3940 289 4036 Quas
304 3938 407 4034 igitur
423 3937 537 4013 Ovidii
553 3932 740 4015 notationes
756 3937 902 4034 singulas
919 3936 1036 4038 siquis
1053 3934 1095 4007 ad
1110 3934 1209 4009 tahu·

148 4054 197 4130 las
216 4054 289 4131 illas
305 4056 432 4153 exiget,
448 4055 615 4132 advocatis
633 4052 706 4129 aliis
721 4055 919 4132 kalendariis
934 4051 1151 4139 sideralibus,
1168 4052 1209 4126 ad
