2692 4672
140 307 200 372 152
411 305 450 370 P.
484 304 661 374 OVIDll
694 303 923 376 NASONIS

188 442 335 519 Comiter
351 442 533 543 excipitur:
551 444 710 539 sanguine
724 434 859 543 junctus
873 463 951 523 erat.

137 560 311 656 Quantum
328 559 444 632 animis
457 560 577 633 erroris
592 546 700 634 inest!
715 577 809 660 parat
824 561 930 637 inscia
943 590 1054 637 rerum

184 673 304 748 mrem
322 675 434 776 epuns
448 675 604 749 hostibus
619 674 677 749 tua
694 675 773 749 sats.
935 657 944 676 '
1131 660 1200 772 'io

136 795 285 867 Functus
301 810 371 865 erat
384 792 524 893 dapibus
540 808 705 891 :poscunt
721 819 780 865 sua
797 794 1088 892 temporasomni:

184 910 262 981 Nox
278 926 365 993 erat,
382 926 416 981 et
433 925 501 982 tota
517 905 642 982 lumina
655 905 747 981 nulla
761 906 872 981 domo.

137 1026 267 1121 Surgit,
282 1043 315 1099 et
327 1043 478 1100 auratum
494 1022 611 1119 vagina
624 1023 744 1099 liberat
761 1054 872 1100 ensem
885 1055 894 1114 ;

185 1145 230 1215 Et
244 1143 333 1216 venit
350 1142 385 1214 in
403 1140 584 1229 thalamos,
601 1161 705 1244 nupta
720 1142 862 1244 pudica,
879 1161 964 1217 tuos.

136 1262 249 1359 thue
270 1276 379 1333 tomm
394 1259 537 1360 pressit:
556 1260 713 1348 Ferrum,
731 1259 900 1348 Lucretia,
913 1286 1042 1333 mecum
1059 1276 1126 1348 est,
1152 1280 1200 1353 79⁵

183 1376 307 1461 Natus,
325 1376 390 1462 ait,
408 1376 515 1469 regis,
531 1376 799 1477 Tarquiniusque
808 1375 946 1475 loquor.

135 1487 197 1562 llla
210 1488 295 1562 nihil
311 1520 318 1561 :
334 1518 441 1590 neque
458 1490 545 1565 enim
562 1519 696 1577 vocem,
714 1491 864 1591 viresque
877 1488 1060 1589 loquendi,

184 1609 254 1681 Aut
267 1605 393 1706 aliquid
410 1623 482 1679 toto
496 1625 629 1707 pectore
644 1607 765 1681 mentis
782 1606 892 1682 habet.

137 1723 202 1798 Sed
220 1721 350 1806 tremit,
369 1738 408 1794 ut
424 1720 592 1820 quondam
608 1721 748 1797 stabulis
767 1723 925 1822 deprensa
942 1718 1064 1794 relictis

185 1836 289 1910 Parva
304 1836 367 1909 sub
386 1834 505 1909 infesto
524 1864 627 1936 quum
641 1837 727 1935 jacet
741 1863 826 1931 agna
841 1835 931 1935 lupo.
1153 1861 1208 1914 sos

138 1949 232 2048 Quid
247 1948 341 2022 faciat
352 1950 366 2021 ?
378 1950 531 2050 pugnet?
547 1949 696 2023 vincetur
710 1949 830 2022 semina
845 1970 981 2049 pugna:

189 2066 340 2142 Clamet?
355 2085 388 2141 at
403 2068 439 2140 in
458 2067 588 2153 dextra,
607 2067 666 2166 qui
682 2083 797 2152 necet,
816 2066 904 2139 ensis
921 2065 1030 2142 adest:

139 2262 262 2323 ctoritate,
270 2264 297 2315 in
312 2265 440 2316 Collatino
448 2261 572 2327 mutavit,
585 2263 647 2330 quia
693 2260 734 2314 vel
745 2279 826 2321 wear,
840 2260 882 2314 vel
893 2279 907 2313 e
918 2259 976 2314 lect.
986 2261 1125 2317 Pembroc.
1136 2265 1201 2336 Reg.

139 2344 246 2414 etVirg.
258 2340 388 2406 AEuVl,
403 2343 462 2408 7443
476 2363 489 2387 ιι
504 2340 646 2396 Collatinas
694 2338 783 2391 Petav.
796 2348 822 2391 et
835 2337 963 2404 aliorum,
979 2358 1059 2407 quam
1067 2342 1202 2396 Burman-

139 2444 153 2469 »
162 2442 233 2476 arces
240 2445 252 2467 »
260 2419 331 2473 dixit·
339 2416 454 2487 Arvirg.
463 2428 545 2471 totam
552 2420 645 2473 urbem
692 2435 742 2469 nus
749 2417 856 2485 recepit,
869 2421 969 2486 loquo&
978 2437 1037 2486 quoe
1045 2418 1098 2472 duo
1104 2420 1200 2473 eodem

137 2498 285 2562 intellexit,
310 2496 405 2551 Noster
424 2497 501 2549 unius
521 2494 645 2549 Collatini
694 2516 773 2550 sensu
795 2497 852 2566 capi
871 2508 985 2567 possum.
1002 2498 1092 2552 Burro.
1108 2508 1199 2553 tamen

138 2574 646 2640 domum-Excipitur.Burmannus,si
693 2573 847 2643 vimquerit
855 2575 883 2628 in
892 2594 953 2630 voce
965 2580 1063 2645 loquor:
1071 2576 1198 2644 Sextum,

138 2655 216 2724 paulo
239 2664 298 2706 ante
326 2655 434 2719 Excipit
447 2672 509 2707 cum
528 2653 644 2722 quinque
693 2664 724 2706 ut
735 2654 789 2707 vim
805 2654 912 2710 adderet
929 2657 1028 2724 verbis,
1043 2655 1133 2711 dixisse
1149 2677 1200 2711 su-

138 2731 212 2785 lllSS
222 2731 336 2800 legatur,
346 2729 388 2782 bic
396 2734 521 2797 accipitur
526 2731 645 2798 praeierat
693 2732 760 2785 blata
769 2733 922 2787 insolentius
929 2755 1001 2801 voce,
1010 2755 1038 2789 se
1045 2734 1128 2806 loqui,
1136 2736 1199 2790 Tar·

138 2809 644 2876 elllazar.etundecimaliis,quia0vid.
694 2811 814 2879 quinium
822 2822 849 2864 et
859 2811 942 2865 filiurn
954 2815 1028 2883 regis.
1040 2815 1119 2885 Apud
1132 2814 1200 2869 Dio·

135 2890 192 2943 haec.
201 2887 264 2938 Livii
273 2926 280 2951 ,
290 2885 404 2949 xxm,
414 2886 460 2949 33,
469 2906 482 2930 o
492 2885 588 2939 Hostes
597 2905 644 2954 pro
692 2906 750 2959 uys.
758 2887 858 2957 juvenis
866 2887 973 2941 libidine
982 2911 1103 2946 accensus
1111 2893 1198 2963 inepte

138 2989 152 3014 s·
166 2963 309 3032 hospitibus
321 2962 432 3015 comiter
445 2961 542 3031 accepit
555 2985 568 3007 »
583 2974 644 3017 ante
691 2963 719 3016 in
735 2965 879 3034 longiorem
890 2966 1041 3023 orationem
1051 2970 1173 3025 excurrit.

138 3045 225 3098 oculos
238 3041 354 3097 babuisse
368 3040 511 3093 videbatur.
523 3040 576 3095 Sed
588 3044 644 3111 quis
726 3060 780 3113 797.
795 3040 902 3094 Livius:
918 3065 931 3087 c
948 3042 1047 3101 Pacida
1062 3067 1094 3102 ex
1103 3064 1199 3103 summ

137 3121 241 3186 eredat,
259 3119 361 3172 Livium
377 3138 390 3170 a
404 3129 481 3187 poeta
494 3128 583 3171 nostro
593 3139 645 3173 ex·
693 3138 707 3164 »
715 3117 816 3171 mulier.
826 3122 969 3182 »-Meas,
977 3139 1075 3178 sensus.
1085 3125 1127 3180 lll
1137 3126 1199 3180 Me·

137 3219 254 3270 pressum
267 3217 321 3252 esse
330 3199 357 3249 in
368 3197 459 3250 talibus
469 3196 587 3251 minutiis
596 3197 645 3250 ?-
692 3209 753 3252 tam.
764 3199 829 3268 bad,
842 3200 863 3252 is
874 3201 915 3254 cui
928 3211 1019 3270 'guttur
1030 3224 1122 3274 pugno
1134 3227 1199 3276 rup7

138 3279 214 3346 Regii
231 3289 283 3330 tres
300 3276 376 3345 paulo
394 3286 453 3329 ante
469 3275 567 3329 habent
581 3275 643 3328 Ac·
691 3275 1018 3348 tum‚haeretatiquamdin
1028 3302 1127 3341 amens,
1140 3294 1199 3349 post

50 3372 60 3385 ·
136 3359 213 3421 cepit.
229 3365 255 3405 et
267 3354 315 3407 hoc
328 3355 385 3407 loco
397 3359 525 3420 excipitur.
534 3382 568 3394 -
577 3355 644 3407 Sarr-
690 3360 792 3410 reden!
802 3361 939 3424 iapecrom
947 3361 1109 3412 sersus-ln
1120 3360 1197 3413 simi-

134 3433 323 3502 guitejuncrus.
330 3433 454 3501 ligerius,
466 3432 587 3486 Collatini
597 3452 643 3502 pa·
690 3432 800 3488 litudine
811 3439 935 3503 quondan
942 3446 980 3489 est
994 3435 1020 3488 id
1033 3435 1118 3504 quod,
1132 3436 1196 3493 lere.

137 3521 194 3572 ter,
207 3506 287 3560 irater
300 3509 436 3577 Tarquinii
449 3509 530 3563 Prisci
542 3509 641 3577 suerat,
691 3509 793 3564 Eadem
812 3522 900 3566 autem
915 3508 1056 3567 similitudo
1069 3513 1110 3566 Vl
1128 3514 1195 3569 Me-

137 3590 212 3656 cujus
224 3604 304 3654 nepos
316 3586 408 3640 Sextus
420 3588 587 3657 Tarquinius.
691 3599 755 3642 tam.
768 3594 823 3659 5²7·

172 3667 225 3738 793.
238 3665 305 3718 Tam
318 3663 375 3729 hie,
388 3684 467 3733 quam
479 3666 641 3723 VLMctam·
723 3668 779 3721 801.
792 3668 897 3722 Nullam
910 3687 987 3738 opem
1002 3668 1122 3737 videbat,
1135 3672 1195 3727 nul-

139 3747 184 3798 551
194 3742 253 3817 ,abi
263 3741 335 3795 MSS
343 3740 442 3794 babent
451 3746 542 3811 deripit
551 3762 641 3797 errserrr.
689 3741 746 3794 lum
757 3744 844 3798 salutis
856 3744 1011 3799 remedium.
1023 3746 1054 3800 ld
1067 3747 1194 3803 delibera·

137 3821 191 3874 Sed
204 3840 277 3874 nunc
289 3837 376 3872 sermo
392 3837 446 3871 non
461 3829 499 3872 est
511 3819 544 3872 de
555 3821 642 3874 sebe·
689 3820 760 3873 tione
777 3820 889 3890 quadam
906 3823 973 3876 bene
991 3823 1152 3887 describitur.
1162 3853 1194 3869 ··

137 3909 225 3952 mente
242 3900 351 3968 impetu.
368 3924 401 3937 -
417 3896 448 3948 ln
467 3896 551 3949 verbis
570 3897 641 3951 Sexti
689 3901 792 3966 Pugnet.
811 3898 918 3954 Callisto
935 3924 948 3948 «
967 3904 1076 3972 quidem
1088 3916 1191 3972 contra,

137 3975 193 4027 Liv.
201 3977 256 4033 buc
263 3978 375 4033 habeta«
383 3977 476 4043 Sextus
484 3978 642 4046 Tarquinius
690 3998 704 4024 s
717 3979 930 4045 quantummodo
939 3980 1037 4037 semina
1046 3984 1137 4053 possit,
1147 4004 1193 4053 pu-

138 4072 152 4099 »
162 4055 349 4131 ,ΜΨ-(κῇ,
355 4052 433 4110 Ovid.
446 4055 642 4126 Tarquiniusque
689 4079 703 4106 ν
716 4068 778 4127 gnat
794 4078 802 4114 t
816 4059 860 4117 sed
879 4079 937 4131 qute
953 4082 1075 4134 superare
1088 4064 1191 4132 puella,
