2692 4672
137 320 204 407 450
407 400 409 403 ,
528 317 806 391 excursus

136 464 273 538 Factum
290 460 353 533 boc
368 478 439 534 erat
454 459 489 533 in
501 459 552 535 M.
571 478 604 534 et
615 463 654 536 L.
664 459 844 560 Antoniis,
862 458 920 535 sed
935 476 1054 561 postea
1068 459 1201 534 restitu-

136 595 230 664 tum;
251 577 335 650 idem
353 576 458 652 lacere
475 576 638 678 parabant
652 578 689 651 in
704 578 826 654 Pisone
842 606 851 652 ε
866 576 935 651 Cic.
954 575 1081 678 Philip.
1099 579 1200 666 Xlll,

140 725 202 786 12;
219 701 296 772 Tac.
315 703 403 775 Ann.
423 702 495 789 lll,
513 719 614 789 xvtt,
633 718 737 775 xvttl.

183 824 260 896 Jam
273 822 314 896 de
328 821 466 911 ovidio,
484 826 621 926 ejusque
635 851 735 925 opera
751 821 907 897 inFass's
918 819 1140 896 kchudmt'bus
1153 847 1201 894 ex-

137 944 301 1049 plicandis
318 966 351 1022 ct
366 950 565 1043 exornandis
581 949 701 1050 posita.

188 1069 314 1160 lllulta,
334 1099 408 1172 quae
423 1070 460 1144 in
477 1071 530 1144 his
545 1071 661 1158 fastis,
682 1070 751 1144 sive
771 1086 897 1145 veteres
919 1087 1019 1144 notes
1041 1068 1203 1144 interdum

138 1193 413 1296 interpretatione
431 1194 623 1292 ambiguas,
646 1193 714 1268 sive
730 1193 828 1268 serias
843 1214 1031 1294 earumque
1041 1192 1202 1288 origines,

20 1374 23 1378 -
139 1318 206 1393 sive
217 1317 357 1393 notitias
372 1316 548 1392 historicas
564 1318 614 1390 ibi
632 1315 817 1418 adscriptas
834 1332 985 1419 spectes,
1003 1315 1050 1390 ob
1065 1314 1206 1415 antiqui·

29 1532 33 1539 Ι
139 1457 241 1514 tatem
255 1442 399 1516 obscura
414 1459 507 1517 erant
527 1458 562 1515 et
578 1439 795 1543 explicatione
818 1441 1035 1537 indigebant,
1060 1441 1129 1539 jam
1142 1467 1207 1514 ma·

140 1581 215 1638 ture
230 1565 423 1640 invenerant
434 1584 603 1654 auctores,
621 1564 682 1666 qui
695 1564 732 1638 in
745 1564 787 1639 iis
801 1565 1007 1667 exponendis
1021 1565 1099 1639 data
1113 1591 1206 1666 opera

140 1689 260 1764 versati
281 1706 386 1762 erant.
407 1691 475 1762 Tot
498 1688 652 1763 feriarum
675 1689 819 1786 origines
840 1689 890 1763 ibi
910 1687 1108 1777 illustrate,
1132 1717 1207 1788 qua·

140 1829 239 1886 tenus
254 1810 325 1885 lieri
342 1826 476 1911 poterat
493 1839 532 1885 ex
550 1810 746 1912 antiquitate
772 1839 908 1887 romana
930 1812 1105 1914 repetita,
1128 1812 1207 1885 ritus

141 1934 398 2035 ceremoniasque
416 1933 624 2031 singulorum
645 1935 814 2011 festorum
825 1935 968 2011 enarrati
985 1953 1019 2009 et
1036 1933 1205 2037 explicati,

140 2060 290 2133 Deorum
311 2057 526 2159 antiquorum
541 2058 675 2133 nomina
697 2076 729 2132 et
748 2057 858 2134 cultus
878 2057 1041 2159 expositi,
1067 2054 1208 2158 templo-

142 2209 217 2255 rum
231 2179 440 2255 conditorum
454 2181 594 2257 historia
608 2181 744 2272 tradita,
763 2185 852 2258 notis
866 2180 933 2256 illis
946 2181 1134 2283 antiquitus
1148 2198 1209 2254 na-

142 2301 217 2376 latis
235 2302 316 2403 quid
333 2303 575 2401 significaretur
589 2305 789 2392 indicatum,
812 2303 890 2378 anni
911 2305 1061 2380 rationes
1081 2303 1210 2377 diverse

143 2425 318 2527 expositae,
338 2455 487 2516 errores,
509 2429 565 2528 qui
588 2427 688 2524 vulgo
714 2427 1053 2515 circumferebantur,
1075 2424 1214 2501 discussi

143 2549 353 2645 legebantur,
369 2545 490 2639 ierbo,
509 2548 668 2651 quicquid
684 2550 775 2644 iniis
788 2549 1010 2626 illustratione
1025 2548 1211 2646 indigebat,

144 2674 378 2748 commentario
399 2691 563 2776 perpetuo
584 2676 714 2747 ornnem
736 2701 858 2747 annum
880 2690 1103 2774 persequente
1123 2698 1213 2746 com·

143 2796 409 2897 prebendebatur
431 2828 440 2871 :
465 2824 571 2897 eoque
588 2798 693 2892 magis
710 2796 747 2870 hi
762 2795 964 2898 scriptores,
987 2796 1046 2897 qui
1065 2794 1114 2868 vel
1129 2820 1211 2867 com-

144 2920 296 2992 mentariis
306 2938 337 2992 ct
346 2918 441 2992 libris
454 2917 677 3020 peculiaribus
690 2918 741 2994 vel
756 2920 939 2994 breveon'bus
950 2915 1207 3000 adnotationibus,

147 3041 335 3141 quassastis
349 3040 483 3142 publice
497 3041 603 3118 affixis
616 3043 817 3142 adjecerant,
834 3044 919 3117 banc
934 3071 1070 3143 operam
1079 3068 1214 3116 narare·

144 3184 235 3253 rant,
252 3165 294 3240 ad
304 3165 386 3240 banc
398 3166 612 3266 questionem
624 3165 809 3266 pertinent,
824 3192 925 3264 quum
936 3182 970 3237 et
982 3165 1049 3267 ipsi
1060 3160 1211 3267 precipui

145 3288 254 3363 fontes
272 3287 425 3363 carminis
440 3287 597 3362 Ouidiani
615 3288 704 3361 haud
722 3287 821 3362 dubie
833 3284 967 3359 luerint.

118 3501 120 3507 Α
187 3417 499 3493 luculentissimum
510 3415 695 3518 exemplum
703 3417 842 3492 brevibus
851 3415 1004 3517 ejusmodi
1012 3413 1214 3490 admueom's

147 3542 182 3613 in
195 3541 268 3641 ipso
280 3539 416 3639 publico
428 3569 590 3615 marmore
603 3540 774 3644 descriptae
782 3540 941 3615 habemus
951 3539 1104 3613 inVem‘i
1110 3537 1214 3613 Fasa‘s

146 3752 341 3810 adscribaturct
349 3753 509 3822 provinciam
518 3754 651 3809 nancisca-
701 3767 897 3820 Quotnonprim
906 3766 1015 3805 dmum
1025 3765 1072 3805 tm
1080 3778 1114 3818 pu
1126 3762 1201 3803 ιιὼιι.

147 3843 208 3898 tur3
226 3831 320 3901 quibus
335 3831 412 3885 rebus
432 3830 542 3903 dignitas
557 3852 654 3888 consu-

147 3909 208 3965 laris
221 3910 359 3965 innuitur:

149 4011 250 4061 Sexaginta
259 4020 309 4050 teras
316 4025 378 4063 quum
385 4011 452 4049 limina
461 4023 518 4049 nanus
525 4020 603 4052 unctor
610 4038 618 4060 ,

174 4082 222 4122 Esse
231 4085 266 4124 tibi
275 4086 341 4126 videor
349 4085 458 4126 desidiosus
464 4097 522 4137 eques
530 4112 538 4133 ,
