2692 4672
415 307 469 378 ln
494 305 914 378 ov1n11rasros.
1127 313 1187 396 rs.

133 449 324 548 frequenter
336 444 552 534 desideratur,
568 445 602 519 in
617 445 817 548 mythologis
828 447 971 549 deniqne
980 465 1079 551 atque
1087 452 1195 551 poetis

134 560 308 663 mythicis,
328 561 386 661 qui
410 559 514 656 signis
536 559 721 634 eaelestibus
744 559 872 634 fabulas
896 590 971 636 suos
995 562 1196 672 adnectunt3

135 675 268 750 siderum
286 690 369 748 ortus
389 690 420 747 et
442 702 565 748 occurro
580 677 678 750 moni
696 675 739 749 ad
757 678 833 751 anni
851 693 1000 778 tempora
1022 678 1197 755 indicanda

135 791 181 865 ita
195 790 237 864 ab
247 790 404 864 omnibus
419 790 616 889 scriptorum
629 791 805 886 generibus
815 792 937 892 recepti
950 810 1045 879 sunt,
1059 810 1099 866 ut
1111 823 1199 895 quo·

136 908 307 995 rumdam,
332 907 513 1008 praesertim
537 907 734 1007 scriptorum
758 907 804 980 rei
825 906 972 997 rusticae,
991 908 1062 982 siue
1085 936 1200 985 eorum

138 1025 329 1121 cognitione
337 1022 429 1098 nulla
438 1022 573 1096 omnino
581 1021 799 1120 inteliigentia
809 1024 853 1098 sit
864 1033 885 1096 ¹.
899 1027 945 1098 Et
953 1053 989 1100 re
998 1053 1072 1100 vera
1080 1028 1199 1127 priscis

138 1141 203 1216 illis
218 1141 433 1228 hominibus,
456 1137 619 1239 praecipue
639 1139 780 1232 Grecis,
798 1141 833 1214 in
849 1139 936 1214 seliei
954 1159 1047 1217 terrae
1063 1144 1198 1238 regione

138 1286 199 1360 per
223 1275 299 1330 octo
315 1256 382 1330 sere
399 1255 476 1329 anni
494 1283 623 1328 menses
639 1282 724 1355 sape
741 1272 855 1329 noctes
873 1255 1026 1357 diesque,
1045 1257 1123 1332 dum
1139 1288 1200 1334 ne-

140 1369 240 1466 gotiis
251 1370 438 1464 agrestibus
446 1386 480 1444 et
492 1395 628 1465 gregum
642 1366 751 1441 rutelae
765 1396 898 1469 operam
911 1369 1053 1460 dabant,
1064 1372 1128 1446 sub
1141 1373 1198 1445 dio

139 1488 338 1583 degentibus
350 1485 418 1560 caeti
435 1484 645 1588 splendidum
658 1486 877 1589 spectaculum
885 1488 985 1563 nimis
1000 1518 1034 1564 se
1047 1489 1199 1586 ingessit,
1283 1590 1284 1594 Ἰ

142 1606 224 1707 quin
247 1603 288 1676 ad
307 1600 412 1676 sidera
436 1599 492 1673 itta
515 1602 661 1675 animum
686 1602 874 1692 intendere,
900 1604 1125 1705 splendidiora
1151 1608 1201 1682 di-

142 1743 318 1815 gnoscere,
344 1732 376 1789 et
392 1733 499 1802 certa,
527 1715 650 1816 quibus
667 1715 703 1788 in
718 1715 797 1790 caelo
816 1719 1062 1819 conspiciantur
1078 1721 1127 1795 rel
1144 1751 1204 1797 au-

141 1830 290 1929 fugiant2
311 1849 458 1934 tempora
469 1831 641 1907 observare
653 1831 855 1908 debuissent
874 1837 920 1906 Et
933 1834 1050 1932 itajam
1064 1837 1202 1912 Hesiodi

143 1966 235 2023 atate
252 1948 294 2023 ad
313 1946 576 2050 splendidiorum
593 1948 734 2025 siderum
752 1965 844 2022 ortus
868 1967 901 2023 et
921 1978 1055 2026 occasus
1070 1955 1203 2049 negotia

144 2068 265 2144 rustica
282 2067 459 2154 distribui,
478 2066 555 2139 anni
566 2083 675 2167 partes
689 2067 827 2166 majores
844 2066 1024 2165 distingui,
1039 2070 1104 2170 jam
1113 2072 1204 2173 apud

144 2185 326 2258 Homemm
341 2183 433 2257 navis
445 2210 577 2257 cursum
588 2181 630 2255 ad
642 2199 806 2256 astrorum
821 2183 921 2257 situm
938 2184 1053 2282 dirigi,
1070 2187 1205 2288 caelique

144 2301 294 2396 regiones
309 2301 386 2374 inde
401 2318 502 2374 noctu
520 2299 670 2395 dignosci
693 2299 841 2375 ridemus
861 2311 884 2374 ².
912 2302 989 2376 Sine
1012 2303 1080 2378 ulla
1095 2324 1204 2380 autem

147 2417 186 2490 de
213 2416 281 2490 raeli
305 2436 422 2490 natura
439 2418 543 2519 deque
562 2418 668 2493 causis
685 2418 784 2517 hujus
802 2438 911 2494 motus
936 2421 1148 2517 cognitione,
1172 2442 1205 2499 et

148 2530 273 2632 absque
297 2531 585 2609 observationibus
602 2536 863 2611 accuratioribus
887 2566 978 2626 eam,
1003 2569 1100 2637 quam
1119 2541 1205 2615 dixi-

148 2676 239 2735 mus,
255 2647 398 2721 siderum
410 2649 670 2725 observationem
683 2651 821 2747 cogitari
837 2681 932 2753 posse
942 2672 975 2727 et
984 2683 1042 2755 per
1052 2685 1085 2730 se
1099 2674 1204 2758 patet,

149 2782 183 2839 et
199 2780 314 2837 contra
331 2763 446 2868 Bn'lly
456 2764 519 2862 jam
536 2763 632 2839 multi
647 2766 871 2841 adseruerunt.
887 2771 1061 2866 Quatenus
1077 2773 1112 2845 in
1126 2801 1209 2850 ocu-

151 2875 201 2951 los
217 2877 444 2961 incurrebant,
461 2895 554 2951 ortus
567 2896 600 2951 et
614 2908 749 2955 occasus
761 2897 838 2966 tunc
849 2882 972 2957 incaelo
984 2886 1205 2976 notabantur,

153 2990 192 3064 de
211 2992 344 3093 spbaerae
363 2990 584 3091 descriptione
609 3011 642 3066 et
662 2994 831 3068 notatione
849 2997 884 3070 in
906 3014 1114 3096 παραπήγμασι
1130 3001 1209 3076 nul-

149 3102 220 3177 lum
233 3105 339 3178 adhue
357 3106 541 3202 vestigium.

199 3219 243 3291 ΙΙ.
263 3216 384 3294 Thales
409 3222 539 3327 primns
564 3223 798 3298 astronomiam
815 3225 1007 3326 sphaericam
1025 3245 1058 3301 et
1074 3228 1209 3329 sphaerae

186 3439 194 3468 ¹
214 3431 366 3488 Aristoteles
378 3433 414 3484 ita
427 3437 564 3504 saepissime
582 3446 657 3489 tem·
705 3435 840 3489 notatione
858 3459 924 3510 sccpe
942 3449 1071 3509 utuntur,
1092 3454 1120 3497 et
1137 3443 1211 3513 pium

153 3531 248 3583 porum
262 3511 408 3565 notationes
421 3529 435 3562 a
446 3512 571 3566 sideribus
585 3514 657 3582 petit.
706 3513 834 3582 ejusmodi
848 3518 966 3586 exempla
978 3529 1078 3573 exstant
1090 3540 1130 3591 ap.
1142 3524 1167 3574 Τ
1164 3527 1212 3577 hr-

154 3592 224 3645 Hirt.
237 3591 315 3642 anim.
328 3589 414 3654 Vlll,
431 3592 474 3655 15,
489 3588 522 3641 de
538 3589 657 3643 tbunnis:
707 3596 819 3663 tydidem
829 3604 856 3646 et
867 3597 1005 3665 Polybium.

153 3679 193 3724 καὶ
213 3673 321 3742 ἄρχονται
341 3673 477 3741 θηρεύεσθαι
496 3669 538 3719 ixo'
556 3671 659 3727 πλειάδος
739 3669 851 3741 'odyss
864 3673 906 3738 V,
922 3695 1019 3742 271.—
1032 3679 1140 3735 Hesiod.
1152 3706 1210 3755 epp,

155 3751 264 3807 ἀνατολῆς
289 3748 362 3818 μέχρι
387 3747 505 3820 &purrupai
529 3749 611 3804 meroe
633 3749 659 3798 ri
707 3744 1211 3825 383,564,597,009‚614,Antiquis-

153 3831 267 3891 taxarem
282 3820 364 3884 vttl,
377 3824 659 3888 14,dequ1'busdame'n-
706 3823 802 3879 simum
811 3828 872 3880 Jobi
880 3847 985 3884 carmen
996 3834 1062 3902 apud
1073 3833 1154 3887 [debr.
1163 3854 1212 3890 no-

155 3907 245 3961 sectr's,
263 3902 404 3966 ἧσυχάζπυσι
416 3906 440 3952 δι’
451 3901 604 3959 &cistercien
616 3904 658 3953 ot}-
708 3900 866 3957 vitPleiadas
874 3944 881 3970 ,
890 3907 1007 3979 Hyadas,
1017 3908 1208 3980 Orionemque,

157 4006 213 4041 ms
222 3985 292 4051 μέχρι
301 3991 340 4034 τοῦ
350 3985 426 4055 ῒαρος,
438 3989 464 4031 et
472 3980 507 4032 ita
514 3980 659 4048 saepissime.
709 3976 763 4046 lx,
779 3999 811 4051 9,
824 3992 851 4034 et
864 3982 1006 4037 draconem
1015 3988 1211 4054 septemtriona-

158 4058 209 4128 1in
215 4076 305 4111 rerum
311 4056 448 4126 scriptores
456 4056 504 4111 bac
511 4067 660 4125 temporum
708 4055 931 4129 lem,eap.xxr1,
947 4067 983 4129 ¹4·

274 4159 341 4226 VI.
1020 4169 1058 4232 31
