2692 4672
35 362 38 367 ·
136 344 206 431 tor
527 342 814 415 excursos

134 487 273 562 sormam
284 483 320 556 in
332 482 427 557 lastis
443 510 529 585 saepe
547 500 623 558 ante
639 482 754 559 oculos
766 484 868 560 luisse
883 500 917 559 et
928 481 1151 560 Vallenarins
1163 484 1199 560 ad

135 607 328 686 Callimachi
353 605 529 703 elegiarum
550 607 755 704 fragmenta,
781 637 857 710 pag.
886 634 949 697 ιο,
971 626 1008 683 et
1028 608 1154 684 Jacobs
1169 611 1199 683 in

133 729 484 805 Animadversionibus
500 729 542 805 ad
558 730 697 805 Anthot
714 761 765 827 gr.
780 731 845 805 vul.
856 733 926 820 lIl,
942 759 976 832 p.
995 751 1045 819 11,
1064 761 1100 833 p.
1117 732 1196 818 182,

132 852 274 956 amplexi
291 871 370 929 sunt
386 883 395 927 ε
414 855 476 928 etsi
491 854 603 956 prior,
621 882 698 956 pag.
718 854 764 943 8,
783 883 853 929 non
876 854 1044 950 elegiaco,
1070 855 1131 929 sed
1146 857 1197 930 he-

133 980 225 1054 roico
243 998 348 1054 metro
366 980 597 1055 concinnatum
612 979 714 1054 fuisse
729 979 818 1055 velit.
843 981 920 1055 Hoc
938 1007 1093 1068 carmen,
1113 981 1197 1080 cnjus

133 1094 314 1200 fragmenta
329 1121 459 1178 exstant
472 1104 508 1176 in
524 1103 576 1177 ed.
591 1103 753 1193 Emestii,
772 1107 1002 1180 Romanorum
1020 1105 1120 1180 etiam
1136 1133 1196 1179 ma·

132 1229 234 1303 nibus
245 1229 434 1329 frequenter
447 1226 565 1302 tritum
573 1255 659 1315 esse,
677 1227 857 1316 Varronis,
874 1228 981 1302 Servii
994 1227 1195 1330 aliorumque

131 1353 232 1428 citata
245 1352 383 1441 docent,
395 1368 429 1425 et
444 1351 555 1452 ipsum
566 1351 743 1441 Ovidium,
757 1351 860 1425 Trist.
875 1353 918 1439 V,
936 1369 971 1439 V,
989 1351 1058 1441 33,
1076 1351 1112 1425 in
1126 1381 1196 1454 pro-

5 1568 12 1579 ,
132 1477 235 1574 eligii,
259 1476 351 1578 quod
367 1477 403 1549 in
419 1474 564 1552 Eteoclis
580 1494 614 1553 et
629 1475 795 1579 Polynicis
817 1477 918 1551 saeris
935 1475 1065 1567 fiebat,
1094 1504 1195 1552 narra·

11 1578 47 1675 Ι..
132 1604 225 1678 tione
240 1603 310 1677 haee
327 1611 403 1676 αἴτια
417 1602 598 1702 respexisse
611 1601 768 1701 judicavit
785 1602 1021 1677 Ruhnkenius.

256 1786 317 1841 Hoc
336 1784 486 1852 (memini)
501 1740 636 1853 quondam
649 1784 707 1839 fieri
719 1803 775 1838 non
788 1802 862 1856 posse
872 1784 1021 1855 loquebar,

243 1874 245 1878 ’
299 1879 335 1933 Et
346 1885 390 1932 me
403 1875 535 1932 Battiades
549 1876 635 1946 judice
646 1878 726 1934 falsus
739 1889 803 1934 erat.

180 2028 393 2131 Epigramma
403 2025 618 2126 Anthologiae
634 2026 720 2126 (rid.
737 2027 847 2102 Bentl.
866 2028 908 2102 ad
925 2027 1123 2103 Callimaeh.
1135 2028 1194 2103 sra-

132 2169 288 2250 gmenta,
311 2179 386 2253 pag.
406 2148 499 2244 416,
523 2150 573 2223 ed.
600 2150 760 2249 Emest.)
778 2160 886 2225 totum
911 2179 1044 2226 carmen
1068 2153 1194 2228 somnio

132 2258 293 2351 ¹contineri
310 2277 417 2364 canit,
437 2276 473 2348 in
489 2304 557 2376 quo
571 2273 791 2349 Callimachus
805 2276 841 2348 in
857 2275 1056 2351 Heliconem
1074 2276 1196 2352 delatus

131 2430 151 2475 a
165 2400 275 2476 Musis
291 2399 374 2503 ipsis
389 2397 430 2473 de
443 2398 544 2474 rebus
560 2399 726 2501 antiquis,
742 2399 929 2500 priscorum
943 2402 1122 2476 hominum
1135 2402 1197 2475 vita

130 2544 164 2601 et
176 2526 327 2601 moribus
345 2532 408 2601 ete.
426 2552 575 2628 quaerens
592 2552 665 2625 quae
683 2523 833 2613 volebat,
852 2522 989 2600 edoctus
1007 2527 1061 2600 sit.
1082 2525 1195 2600 Ultimi

129 2677 266 2741 versus,

274 2830 305 2885 At
324 2827 354 2886 δι’
378 2829 402 2883 oi
423 2827 563 2907 εἰρομένῳ,
584 2815 644 2903 ἀμφ’
668 2819 799 2903 Ὠγυφίων
815 2817 909 2906 tiphos

334 2932 410 2990 Aia-aot
422 2932 467 2989 aul
479 2934 599 3012 μακάρων
612 2931 679 3013 ἆρον
690 2934 879 3012 maielpotus,

132 3081 353 3182 conjecturam
370 3080 624 3170 commendant,
649 3082 808 3158 Ovidium
824 3081 1036 3185 potissimum
1054 3080 1191 3155 inDeo

77 3194 82 3203 ’
112 3207 205 3281 'rum
223 3208 463 3308 Musarumque
485 3205 683 3296 ministerio,
705 3239 772 3310 quo
795 3209 910 3282 eodem
932 3237 1072 3311 prorsus
1094 3203 1189 3280 modo

132 3330 238 3402 utitur
252 3330 335 3428 (lV,
354 3357 440 3431 1913
458 3332 500 3419 V,
521 3357 539 3431 7
557 3359 639 3431 sqq3
659 3333 723 3419 Vl,
746 3329 814 3430 798
828 3348 888 3404 ete.
903 3328 935 3427 ),
957 3328 1192 3405 Callimachum

133 3450 178 3522 oh
203 3451 317 3526 oculos
339 3453 503 3527 habuisse.
521 3456 657 3528 Veteres
679 3455 763 3527 ritus
788 3452 837 3526 ibi
864 3453 1046 3556 explicatos
1069 3450 1194 3524 hahent

132 3572 248 3667 fragm.
267 3573 290 3644 8
308 3593 340 3646 et
355 3603 377 3674 9
391 3605 399 3664 ;
419 3594 452 3650 et
468 3576 610 3651 Lenains
625 3575 691 3674 jam
708 3575 895 3665 annotavit,
917 3574 1090 3650 historiam
1107 3572 1194 3673 Hip-

131 3692 280 3796 polytiin
292 3694 418 3769 Gallim.
437 3727 512 3772 cum
525 3696 636 3782 eadem
650 3698 685 3770 in
701 3696 844 3785 Ouidio,
858 3699 925 3786 Vl,
947 3695 1037 3796 730,
1057 3723 1193 3772 eonsen-

132 3818 212 3905 tire,
230 3835 269 3890 ut
281 3836 314 3891 et
331 3818 367 3890 11
384 3818 483 3893 rebus
498 3820 610 3914 graecis
625 3849 699 3894 enm
714 3821 878 3894 interdum
893 3820 1076 3920 respexisse
1091 3818 1193 3891 videri

131 3959 254 4042 posset.
272 3943 428 4016 Attamen
444 3942 549 4037 magis
567 3941 730 4031 colorem,
754 3945 932 4032 rationem,
949 3960 981 4016 et
997 3943 1137 4017 sormam
1155 3969 1194 4013 ex

131 4063 196 4136 hoc
213 4065 393 4167 scriptore,
415 4067 584 4142 materiam
606 4069 676 4144 sine
698 4067 802 4142 dubio
821 4066 1031 4170 potissimum
1048 4095 1087 4143 11
1103 4065 1190 4151 aliis,
