2692 4672
112 427 115 433 ,
228 352 292 418 511
614 324 935 419 uxuuusus'

228 486 366 563 servavit
382 491 405 556 ¹.
422 483 558 556 Annum
575 500 683 559 autem
705 483 837 560 initium
852 485 977 587 cepisse
994 486 1036 560 ab
1055 514 1096 561 eu
1115 505 1288 589 tempore,

225 631 293 705 quo
313 628 401 674 nuuc
424 599 567 673 Martius
584 616 650 689 est,
669 617 703 673 ct
719 618 875 674 constans
892 601 1040 675 omnium
1057 602 1143 676 fama
1163 623 1232 692 est,
1256 623 1289 680 et

224 724 318 826 plura
336 740 529 819 argumenta
543 720 763 823 probabiliter
778 722 953 797 declarant.
968 727 1054 799 Tum
1063 726 1150 799 cuim
1161 745 1287 803 natura

223 842 362 919 maxime
376 857 632 915 cousentaneum
645 856 714 927 est,
730 867 833 913 avere
839 839 917 912 anni
932 839 1063 913 initium
1072 859 1200 942 petere,
1216 862 1288 918 tum

223 960 330 1033 Anum
344 958 499 1031 Perennae
514 956 649 1042 festum,
665 954 743 1027 anni
761 955 855 1028 initia
871 954 977 1030 fausta
994 956 1085 1031 haud
1102 958 1204 1034 dubie
1230 963 1288 1035 de·

222 1065 379 1160 signans,
407 1080 477 1136 tum
501 1061 643 1163 denique
668 1063 858 1136 ceremoniae
882 1061 947 1136 illae
971 1063 1114 1164 autiquae
1138 1067 1182 1140 ad
1209 1069 1287 1142 anni

221 1182 353 1257 initium
370 1197 576 1282 spectantes,
595 1206 677 1279 quas
694 1177 792 1251 ovid.
811 1180 880 1264 Ill,
911 1176 995 1279 137,
1020 1197 1054 1254 et
1072 1183 1224 1257 Macrob.
1245 1187 1284 1274 l,

227 1326 288 1390 12,
304 1298 479 1386 exhibent,
498 1325 568 1371 nou
587 1296 726 1370 obscure
742 1295 895 1369 inuuunt.

533 1688 862 1776 EXCURSUS
881 1690 960 1775 VI.

219 1918 437 1977 Qumrtottm,
453 1918 494 1963 AD
510 1916 785 1964 tumulturnnnos
800 1916 950 1972 Quosnsn
966 1916 1065 1961 Locos
1078 1917 1281 1965 serentum.

227 2184 270 2243 1⁰.
297 2173 370 2259 VI,
386 2169 466 2272 773.
484 2143 615 2271 QUAM
634 2172 692 2245 cilo
709 2187 856 2246 venerunt
871 2170 912 2246 F
907 2171 1025 2246 urluuae
1030 2171 1127 2273 sortr's
1142 2171 1278 2246 honores.

222 2284 337 2380 Quaeri
355 2302 484 2385 potest,
505 2315 546 2360 an
563 2288 732 2375 Fortuna,
750 2287 803 2360 cui
821 2287 952 2360 Servius
969 2286 1033 2359 hoe
1051 2286 1104 2359 die
1123 2286 1282 2387 tempium

222 2398 404 2488 dedicavit,
424 2401 531 2502 primo
555 2429 631 2475 casu
647 2401 745 2501 sortis
769 2401 931 2485 Fortuna,
960 2397 1008 2472 vel
1034 2400 1123 2473 Fors
1139 2401 1283 2474 Fortuna

220 2512 307 2587 dicta
324 2514 433 2590 fuerit.
451 2516 547 2590 Prius
564 2545 675 2589 verum
691 2544 778 2604 esse,
803 2516 981 2590 certissime
997 2544 1085 2590 nuuc
1102 2518 1184 2591 mihi
1201 2549 1283 2619 pro-

218 2629 327 2704 batur.
364 2632 472 2706 Fortis
488 2630 559 2731 (vel
562 2631 695 2730 fhrctri,
717 2633 861 2720 sorctus,
877 2632 1028 2719 horctus;
1052 2634 1139 2707 conf.
1159 2635 1199 2707 ad
1219 2638 1280 2722 IV,

221 2746 316 2849 620)
328 2749 445 2850 priscis
460 2750 619 2822 Romanis
638 2749 737 2823 fuisse
750 2749 770 2821 i.
788 2778 819 2850 q.
831 2749 960 2839 bouus,
978 2752 1108 2824 ctFest.
1124 2751 1203 2847 (vid.
1218 2752 1280 2824 Sa-

220 2880 306 2938 nales
317 2884 351 2939 et
363 2867 541 2963 Horetum)
558 2864 718 2966 expressis
731 2864 839 2939 verbis
851 2865 968 2951 tradit,
986 2883 1020 2939 et
1033 2865 1175 2965 exempla
1188 2868 1280 2966 apud

220 2978 395 3070 Plautum,
415 2982 474 3052 ubi
490 2982 555 3054 huc
573 3011 637 3055 usu
654 2982 813 3071 occurrit,
837 2980 1004 3081 probaut;
1030 2979 1101 3055 Mil.
1127 2983 1188 3067 lv,
1209 3000 1277 3069 111,

226 3095 288 3191 133
306 3096 424 3170 Bacch.
442 3098 496 3185 ll,
514 3116 563 3185 11,
582 3096 638 3170 38.

270 3214 400 3315 Ecquid
423 3213 520 3287 sortis
546 3212 615 3287 visa
636 3214 712 3288 est?
730 3215 769 3288 dc
787 3213 915 3314 puella,
938 3214 997 3287 ubi
1022 3215 1105 3287 esti.
1127 3243 1158 3314 q.
1179 3215 1273 3298 bono,

214 3329 357 3430 pulchra.
373 3330 498 3405 Eodem
517 3360 616 3412 seusu
629 3331 679 3405 vir
693 3330 805 3419 sortis,
821 3329 899 3404 alibi
915 3330 1276 3427 bonus(Putr1ut).Eo

222 3462 330 3519 autem
351 3448 460 3522 miuus
487 3447 630 3535 dubito,
655 3446 765 3548 ipsum
790 3446 875 3519 forte
899 3444 1057 3546 templum
1084 3446 1277 3546 inscriptum

221 3560 323 3633 fuisse
341 3593 349 3635 ε
368 3567 511 3639 Fortuna
515 3564 649 3666 stercus,
670 3591 774 3662 quum
792 3589 830 3634 ex
847 3562 908 3636 hac
926 3561 1034 3637 solum
1052 3561 1157 3637 sorma
1174 3563 1279 3636 luceru

221 3671 426 3748 nanciscatur
438 3677 607 3752 Plutarchi
622 3676 716 3750 lucus
733 3703 890 3776 perquam
907 3675 1081 3771 singularis
1098 3708 1105 3748 :
1123 3677 1184 3772 (de
1202 3677 1275 3748 furt.

254 3852 262 3881 ¹
282 3850 342 3903 Pari
357 3851 457 3903 ratione
473 3870 576 3907 meuses
590 3850 657 3923 apud
672 3852 725 3904 Ju-
772 3850 879 3904 Alterth.
892 3871 917 3921 p.
929 3851 985 3922 539.
1005 3853 1091 3904 Antea
1106 3851 1201 3904 mensis
1216 3850 1276 3920 pri-

220 3938 724 4013 daeosprimumnumerodistinguebau-
771 3963 846 4009 mus,
863 3944 1008 4012 secundus,
1028 3946 1133 4011 tertius,
1149 3955 1273 4014 quartus,

220 4037 277 4106 turc
290 4039 378 4096 postea
389 4029 495 4083 demum
505 4031 609 4100 propria
617 4031 723 4084 uomina
769 4041 885 4110 quintus,
894 4049 979 4093 sertus
988 4050 1036 4094 etc·
1046 4047 1213 4126 postcunt}
1220 4084 1231 4113 ‚
1247 4027 1273 4113 tf

219 4120 399 4191 accipiebam
417 4120 469 4178 vit.
488 4123 639 4181 Wamkros
655 4129 722 4181 hebr.
770 4139 819 4186 cte.
831 4128 989 4185 dicebantur.
