<?xml version="1.0" encoding="UTF-8"?>
<!DOCTYPE html PUBLIC "-//W3C//DTD XHTML 1.0 Transitional//EN"
    "http://www.w3.org/TR/xhtml1/DTD/xhtml1-transitional.dtd">
<html xmlns="http://www.w3.org/1999/xhtml" xml:lang="en" lang="en">
 <head>
  <title>
</title>
<meta http-equiv="Content-Type" content="text/html;charset=utf-8" />
  <meta name='ocr-system' content='tesseract 3.04.00' />
  <meta name='ocr-capabilities' content='ocr_page ocr_carea ocr_par ocr_line ocrx_word'/>
</head>
<body>
  <div class='ocr_page' id='page_1' title='image "./publiiovidiinas08massgoog/publiiovidiinas08massgoog_0513.png"; bbox 0 0 2692 4672; ppageno 0'>
   <div class='ocr_carea' id='block_1_1' title="bbox 167 306 841 378">
    <p class='ocr_par' dir='ltr' id='par_1_1' title="bbox 167 306 841 378">
     <span class='ocr_line' id='line_1_1' title="bbox 167 306 841 378; baseline 0.009 -7"><span class='ocrx_word' id='word_1_1' title='bbox 167 306 234 373; x_wconf 74' lang='lat'><strong>50⁸</strong></span> <span class='ocrx_word' id='word_1_2' title='bbox 552 307 841 378; x_wconf 86' lang='lat' dir='ltr'>EXCURSUS</span> 
     </span>
    </p>
   </div>
   <div class='ocr_carea' id='block_1_2' title="bbox 165 423 1229 789">
    <p class='ocr_par' dir='ltr' id='par_1_2' title="bbox 165 423 1229 789">
     <span class='ocr_line' id='line_1_2' title="bbox 166 423 1229 562; baseline 0.006 -44"><span class='ocrx_word' id='word_1_3' title='bbox 166 444 206 520; x_wconf 93' lang='lat' dir='ltr'><strong>de</strong></span> <span class='ocrx_word' id='word_1_4' title='bbox 230 445 371 520; x_wconf 82' lang='lat' dir='ltr'>Hercule</span> <span class='ocrx_word' id='word_1_5' title='bbox 392 446 476 521; x_wconf 88' lang='lat' dir='ltr'><strong>forte</strong></span> <span class='ocrx_word' id='word_1_6' title='bbox 500 448 564 522; x_wconf 89' lang='lat' dir='ltr'><strong>sub</strong></span> <span class='ocrx_word' id='word_1_7' title='bbox 590 450 723 524; x_wconf 89' lang='lat' dir='ltr'><strong>numine</strong></span> <span class='ocrx_word' id='word_1_8' title='bbox 740 423 862 562; x_wconf 47' lang='grc' dir='ltr'><strong>ΒΝ,</strong></span> <span class='ocrx_word' id='word_1_9' title='bbox 877 448 992 538; x_wconf 84' lang='lat' dir='ltr'><strong>idest,</strong></span> <span class='ocrx_word' id='word_1_10' title='bbox 1011 467 1190 540; x_wconf 86' lang='lat' dir='ltr'><strong>mercator,</strong></span> <span class='ocrx_word' id='word_1_11' title='bbox 1207 453 1229 524; x_wconf 51' lang='lat' dir='ltr'><strong>‘a</strong></span> 
     </span>
     <span class='ocr_line' id='line_1_3' title="bbox 165 549 1228 675; baseline 0.001 -33"><span class='ocrx_word' id='word_1_12' title='bbox 165 569 380 644; x_wconf 86' lang='lat' dir='ltr'><strong>Phoenicibus</strong></span> <span class='ocrx_word' id='word_1_13' title='bbox 397 570 502 660; x_wconf 87' lang='lat' dir='ltr'><strong>culto,</strong></span> <span class='ocrx_word' id='word_1_14' title='bbox 521 575 613 675; x_wconf 90' lang='lat' dir='ltr'><strong>cujus</strong></span> <span class='ocrx_word' id='word_1_15' title='bbox 637 596 670 651; x_wconf 88' lang='lat' dir='ltr'><strong>et</strong></span> <span class='ocrx_word' id='word_1_16' title='bbox 689 576 769 651; x_wconf 81' lang='lat' dir='ltr'><strong>idea</strong></span> <span class='ocrx_word' id='word_1_17' title='bbox 789 549 898 651; x_wconf 48' lang='lat' dir='ltr'><strong>&#39;et&#39;res</strong></span> <span class='ocrx_word' id='word_1_18' title='bbox 919 589 1017 667; x_wconf 82' lang='lat' dir='ltr'><strong>gestae</strong></span> <span class='ocrx_word' id='word_1_19' title='bbox 1036 589 1153 672; x_wconf 89' lang='lat' dir='ltr'><strong>postea</strong></span> <span class='ocrx_word' id='word_1_20' title='bbox 1170 571 1228 645; x_wconf 90' lang='lat' dir='ltr'><strong>ali·</strong></span> 
     </span>
     <span class='ocr_line' id='line_1_4' title="bbox 165 685 1229 789; baseline 0.001 -29"><span class='ocrx_word' id='word_1_21' title='bbox 165 685 296 786; x_wconf 88' lang='lat' dir='ltr'><strong>quaudo</strong></span> <span class='ocrx_word' id='word_1_22' title='bbox 313 686 353 761; x_wconf 90' lang='lat' dir='ltr'><strong>ad</strong></span> <span class='ocrx_word' id='word_1_23' title='bbox 372 688 546 764; x_wconf 84' lang='lat' dir='ltr'><strong>Herculem</strong></span> <span class='ocrx_word' id='word_1_24' title='bbox 565 721 705 788; x_wconf 75' lang='lat' dir='ltr'><strong>graccum</strong></span> <span class='ocrx_word' id='word_1_25' title='bbox 722 691 883 768; x_wconf 77' lang='lat' dir='ltr'><strong>translate</strong></span> <span class='ocrx_word' id='word_1_26' title='bbox 901 708 995 778; x_wconf 90' lang='lat' dir='ltr'><strong>suut,</strong></span> <span class='ocrx_word' id='word_1_27' title='bbox 1019 688 1086 788; x_wconf 91' lang='lat' dir='ltr'><strong>jam</strong></span> <span class='ocrx_word' id='word_1_28' title='bbox 1102 688 1229 789; x_wconf 79' lang='lat' dir='ltr'>pridem</span> 
     </span>
    </p>
   </div>
   <div class='ocr_carea' id='block_1_3' title="bbox 36 802 1227 906">
    <p class='ocr_par' dir='ltr' id='par_1_3' title="bbox 36 802 1227 906">
     <span class='ocr_line' id='line_1_5' title="bbox 36 802 1227 906; baseline 0 -29"><span class='ocrx_word' id='word_1_29' title='bbox 36 833 43 846; x_wconf 90' lang='lat'><strong>·</strong></span> <span class='ocrx_word' id='word_1_30' title='bbox 164 831 183 877; x_wconf 90' lang='lat' dir='ltr'><strong>a</strong></span> <span class='ocrx_word' id='word_1_31' title='bbox 200 802 395 904; x_wconf 90' lang='lat' dir='ltr'><strong>quibusdam</strong></span> <span class='ocrx_word' id='word_1_32' title='bbox 414 807 590 906; x_wconf 74' lang='lat' dir='ltr'><strong>conjectata</strong></span> <span class='ocrx_word' id='word_1_33' title='bbox 610 838 679 884; x_wconf 88' lang='lat' dir='ltr'><strong>esse</strong></span> <span class='ocrx_word' id='word_1_34' title='bbox 696 810 817 900; x_wconf 88' lang='lat' dir='ltr'><strong>video,</strong></span> <span class='ocrx_word' id='word_1_35' title='bbox 841 810 906 882; x_wconf 91' lang='lat' dir='ltr'><strong>hoc</strong></span> <span class='ocrx_word' id='word_1_36' title='bbox 923 805 1020 882; x_wconf 86' lang='lat' dir='ltr'><strong>etiam</strong></span> <span class='ocrx_word' id='word_1_37' title='bbox 1037 805 1174 878; x_wconf 90' lang='lat' dir='ltr'><strong>nomine</strong></span> <span class='ocrx_word' id='word_1_38' title='bbox 1196 806 1227 877; x_wconf 90' lang='lat' dir='ltr'><strong>iu</strong></span> 
     </span>
    </p>
   </div>
   <div class='ocr_carea' id='block_1_4' title="bbox 162 918 1229 2768">
    <p class='ocr_par' dir='ltr' id='par_1_4' title="bbox 162 918 1229 2768">
     <span class='ocr_line' id='line_1_6' title="bbox 165 918 1224 1018; baseline -0.002 -23"><span class='ocrx_word' id='word_1_39' title='bbox 165 918 349 998; x_wconf 86' lang='lat' dir='ltr'>subsidium</span> <span class='ocrx_word' id='word_1_40' title='bbox 374 953 488 999; x_wconf 91' lang='lat' dir='ltr'><strong>vocare</strong></span> <span class='ocrx_word' id='word_1_41' title='bbox 512 929 740 1003; x_wconf 79' lang='lat' dir='ltr'><strong>tentaremus?</strong></span> <span class='ocrx_word' id='word_1_42' title='bbox 760 928 851 1000; x_wconf 88' lang='lat' dir='ltr'><strong>Beue</strong></span> <span class='ocrx_word' id='word_1_43' title='bbox 878 921 926 996; x_wconf 92' lang='lat' dir='ltr'><strong>illi</strong></span> <span class='ocrx_word' id='word_1_44' title='bbox 951 921 1106 995; x_wconf 81' lang='lat' dir='ltr'><strong>viderunt</strong></span> <span class='ocrx_word' id='word_1_45' title='bbox 1131 922 1224 1018; x_wconf 84' lang='lat' dir='ltr'><strong>(vid.</strong></span> 
     </span>
     <span class='ocr_line' id='line_1_7' title="bbox 164 1033 1226 1144; baseline -0.003 -33"><span class='ocrx_word' id='word_1_46' title='bbox 164 1037 343 1140; x_wconf 77' lang='lat' dir='ltr'><strong>Encyclop.</strong></span> <span class='ocrx_word' id='word_1_47' title='bbox 355 1040 443 1114; x_wconf 90' lang='lat' dir='ltr'><strong>univ.</strong></span> <span class='ocrx_word' id='word_1_48' title='bbox 462 1070 533 1115; x_wconf 86' lang='lat' dir='ltr'><strong>voe.</strong></span> <span class='ocrx_word' id='word_1_49' title='bbox 550 1042 671 1140; x_wconf 82' lang='lat' dir='ltr'><strong>Herc.)</strong></span> <span class='ocrx_word' id='word_1_50' title='bbox 688 1042 869 1144; x_wconf 78' lang='lat' dir='ltr'><strong>prasertim</strong></span> <span class='ocrx_word' id='word_1_51' title='bbox 884 1039 1000 1113; x_wconf 84' lang='lat' dir='ltr'><strong>itinera</strong></span> <span class='ocrx_word' id='word_1_52' title='bbox 1013 1033 1089 1124; x_wconf 90' lang='lat' dir='ltr'><strong>illa,</strong></span> <span class='ocrx_word' id='word_1_53' title='bbox 1106 1036 1226 1137; x_wconf 90' lang='lat' dir='ltr'><strong>quibus</strong></span> 
     </span>
     <span class='ocr_line' id='line_1_8' title="bbox 164 1153 1228 1258; baseline -0.003 -30"><span class='ocrx_word' id='word_1_54' title='bbox 164 1171 322 1230; x_wconf 86' lang='lat' dir='ltr'><strong>terrarum</strong></span> <span class='ocrx_word' id='word_1_55' title='bbox 344 1157 456 1230; x_wconf 92' lang='lat' dir='ltr'><strong>orbem</strong></span> <span class='ocrx_word' id='word_1_56' title='bbox 473 1160 679 1258; x_wconf 78' lang='lat' dir='ltr'><strong>peragravit,</strong></span> <span class='ocrx_word' id='word_1_57' title='bbox 705 1159 747 1233; x_wconf 89' lang='lat' dir='ltr'><strong>ad</strong></span> <span class='ocrx_word' id='word_1_58' title='bbox 765 1159 934 1232; x_wconf 88' lang='lat' dir='ltr'><strong>Oceanum</strong></span> <span class='ocrx_word' id='word_1_59' title='bbox 952 1182 1058 1254; x_wconf 88' lang='lat' dir='ltr'><strong>usque</strong></span> <span class='ocrx_word' id='word_1_60' title='bbox 1076 1153 1228 1227; x_wconf 91' lang='lat' dir='ltr'><strong>occiden-</strong></span> 
     </span>
     <span class='ocr_line' id='line_1_9' title="bbox 166 1267 1228 1371; baseline -0.004 -28"><span class='ocrx_word' id='word_1_61' title='bbox 166 1268 262 1344; x_wconf 83' lang='lat' dir='ltr'><strong>talem</strong></span> <span class='ocrx_word' id='word_1_62' title='bbox 272 1273 469 1371; x_wconf 87' lang='lat' dir='ltr'><strong>penetravit,</strong></span> <span class='ocrx_word' id='word_1_63' title='bbox 484 1288 516 1344; x_wconf 91' lang='lat' dir='ltr'><strong>et</strong></span> <span class='ocrx_word' id='word_1_64' title='bbox 527 1271 680 1345; x_wconf 87' lang='lat' dir='ltr'><strong>Herculis</strong></span> <span class='ocrx_word' id='word_1_65' title='bbox 695 1270 863 1343; x_wconf 89' lang='lat' dir='ltr'><strong>columnas</strong></span> <span class='ocrx_word' id='word_1_66' title='bbox 878 1267 1043 1353; x_wconf 80' lang='lat' dir='ltr'><strong>condidit,</strong></span> <span class='ocrx_word' id='word_1_67' title='bbox 1053 1267 1091 1340; x_wconf 91' lang='lat' dir='ltr'><strong>ad</strong></span> <span class='ocrx_word' id='word_1_68' title='bbox 1104 1269 1228 1340; x_wconf 91' lang='lat' dir='ltr'><strong>Hereu-</strong></span> 
     </span>
     <span class='ocr_line' id='line_1_10' title="bbox 162 1381 1224 1487; baseline 0 -32"><span class='ocrx_word' id='word_1_69' title='bbox 162 1381 228 1458; x_wconf 89' lang='lat' dir='ltr'><strong>lem</strong></span> <span class='ocrx_word' id='word_1_70' title='bbox 251 1384 346 1459; x_wconf 91' lang='lat' dir='ltr'><strong>illum</strong></span> <span class='ocrx_word' id='word_1_71' title='bbox 371 1387 490 1487; x_wconf 66' lang='lat' dir='ltr'><strong>tprium</strong></span> <span class='ocrx_word' id='word_1_72' title='bbox 513 1386 648 1487; x_wconf 86' lang='lat' dir='ltr'><strong>proprie</strong></span> <span class='ocrx_word' id='word_1_73' title='bbox 671 1388 855 1487; x_wconf 88' lang='lat' dir='ltr'><strong>pertinere,</strong></span> <span class='ocrx_word' id='word_1_74' title='bbox 877 1403 909 1459; x_wconf 92' lang='lat' dir='ltr'><strong>et</strong></span> <span class='ocrx_word' id='word_1_75' title='bbox 925 1384 1002 1457; x_wconf 91' lang='lat' dir='ltr'><strong>inde</strong></span> <span class='ocrx_word' id='word_1_76' title='bbox 1019 1383 1059 1458; x_wconf 89' lang='lat' dir='ltr'><strong>ud</strong></span> <span class='ocrx_word' id='word_1_77' title='bbox 1074 1383 1224 1457; x_wconf 87' lang='lat' dir='ltr'><strong>Herculis</strong></span> 
     </span>
     <span class='ocr_line' id='line_1_11' title="bbox 164 1501 1223 1597; baseline 0.002 -24"><span class='ocrx_word' id='word_1_78' title='bbox 164 1501 260 1597; x_wconf 78' lang='lat' dir='ltr'><strong>graeci</strong></span> <span class='ocrx_word' id='word_1_79' title='bbox 288 1501 426 1588; x_wconf 91' lang='lat' dir='ltr'><strong>samam,</strong></span> <span class='ocrx_word' id='word_1_80' title='bbox 453 1502 506 1575; x_wconf 92' lang='lat' dir='ltr'><strong>cui</strong></span> <span class='ocrx_word' id='word_1_81' title='bbox 529 1530 647 1597; x_wconf 81' lang='lat' dir='ltr'><strong>magna</strong></span> <span class='ocrx_word' id='word_1_82' title='bbox 670 1503 766 1576; x_wconf 89' lang='lat' dir='ltr'><strong>ctiam</strong></span> <span class='ocrx_word' id='word_1_83' title='bbox 792 1502 908 1576; x_wconf 90' lang='lat' dir='ltr'><strong>itinera</strong></span> <span class='ocrx_word' id='word_1_84' title='bbox 933 1501 1223 1590; x_wconf 84' lang='lat' dir='ltr'><strong>adscribebantur,</strong></span> 
     </span>
     <span class='ocr_line' id='line_1_12' title="bbox 163 1616 1227 1718; baseline 0.001 -28"><span class='ocrx_word' id='word_1_85' title='bbox 163 1634 279 1718; x_wconf 89' lang='lat' dir='ltr'><strong>postea</strong></span> <span class='ocrx_word' id='word_1_86' title='bbox 306 1617 479 1691; x_wconf 86' lang='lat' dir='ltr'><strong>accessisse</strong></span> <span class='ocrx_word' id='word_1_87' title='bbox 504 1625 526 1687; x_wconf 89' lang='lat'><strong>¹.</strong></span> <span class='ocrx_word' id='word_1_88' title='bbox 554 1618 689 1690; x_wconf 89' lang='lat' dir='ltr'><strong>Poterat</strong></span> <span class='ocrx_word' id='word_1_89' title='bbox 713 1617 767 1689; x_wconf 91' lang='lat' dir='ltr'><strong>hic</strong></span> <span class='ocrx_word' id='word_1_90' title='bbox 788 1616 947 1691; x_wconf 90' lang='lat' dir='ltr'><strong>Hercules</strong></span> <span class='ocrx_word' id='word_1_91' title='bbox 975 1617 1081 1717; x_wconf 77' lang='lat' dir='ltr'><strong>tyrius</strong></span> <span class='ocrx_word' id='word_1_92' title='bbox 1100 1617 1227 1718; x_wconf 85' lang='lat' dir='ltr'><strong>priscus</strong></span> 
     </span>
     <span class='ocr_line' id='line_1_13' title="bbox 163 1733 1228 1835; baseline 0.002 -30"><span class='ocrx_word' id='word_1_93' title='bbox 163 1760 278 1807; x_wconf 90' lang='lat' dir='ltr'><strong>eorum</strong></span> <span class='ocrx_word' id='word_1_94' title='bbox 295 1733 392 1806; x_wconf 91' lang='lat' dir='ltr'><strong>heros</strong></span> <span class='ocrx_word' id='word_1_95' title='bbox 409 1759 498 1819; x_wconf 90' lang='lat' dir='ltr'><strong>esse,</strong></span> <span class='ocrx_word' id='word_1_96' title='bbox 519 1761 616 1833; x_wconf 94' lang='lat' dir='ltr'><strong>quem</strong></span> <span class='ocrx_word' id='word_1_97' title='bbox 632 1734 776 1835; x_wconf 89' lang='lat' dir='ltr'><strong>primum</strong></span> <span class='ocrx_word' id='word_1_98' title='bbox 794 1733 864 1808; x_wconf 88' lang='lat' dir='ltr'><strong>loca</strong></span> <span class='ocrx_word' id='word_1_99' title='bbox 882 1733 938 1807; x_wconf 91' lang='lat' dir='ltr'><strong>illa</strong></span> <span class='ocrx_word' id='word_1_100' title='bbox 955 1734 995 1807; x_wconf 89' lang='lat' dir='ltr'><strong>ad</strong></span> <span class='ocrx_word' id='word_1_101' title='bbox 1011 1751 1228 1808; x_wconf 87' lang='lat' dir='ltr'><strong>mercaturam</strong></span> 
     </span>
     <span class='ocr_line' id='line_1_14' title="bbox 165 1852 1228 1955; baseline -0.001 -28"><span class='ocrx_word' id='word_1_102' title='bbox 165 1853 353 1949; x_wconf 76' lang='lat' dir='ltr'><strong>gravissima</strong></span> <span class='ocrx_word' id='word_1_103' title='bbox 379 1853 498 1928; x_wconf 86' lang='lat' dir='ltr'><strong>adiisse</strong></span> <span class='ocrx_word' id='word_1_104' title='bbox 514 1852 598 1927; x_wconf 90' lang='lat' dir='ltr'><strong>sama</strong></span> <span class='ocrx_word' id='word_1_105' title='bbox 613 1854 785 1943; x_wconf 89' lang='lat' dir='ltr'><strong>narrabat,</strong></span> <span class='ocrx_word' id='word_1_106' title='bbox 803 1870 837 1928; x_wconf 90' lang='lat' dir='ltr'><strong>et</strong></span> <span class='ocrx_word' id='word_1_107' title='bbox 853 1882 951 1955; x_wconf 90' lang='lat' dir='ltr'><strong>quem</strong></span> <span class='ocrx_word' id='word_1_108' title='bbox 965 1882 1055 1926; x_wconf 91' lang='lat' dir='ltr'><strong>nunc</strong></span> <span class='ocrx_word' id='word_1_109' title='bbox 1071 1871 1228 1954; x_wconf 88' lang='lat' dir='ltr'><strong>tanquam</strong></span> 
     </span>
     <span class='ocr_line' id='line_1_15' title="bbox 165 1966 1226 2072; baseline 0 -32"><span class='ocrx_word' id='word_1_110' title='bbox 165 1968 349 2045; x_wconf 86' lang='lat' dir='ltr'><strong>divitiarum</strong></span> <span class='ocrx_word' id='word_1_111' title='bbox 368 1990 400 2045; x_wconf 89' lang='lat' dir='ltr'><strong>et</strong></span> <span class='ocrx_word' id='word_1_112' title='bbox 414 1971 554 2045; x_wconf 84' lang='lat' dir='ltr'><strong>fortunae</strong></span> <span class='ocrx_word' id='word_1_113' title='bbox 568 1989 733 2045; x_wconf 90' lang='lat' dir='ltr'><strong>auctorem</strong></span> <span class='ocrx_word' id='word_1_114' title='bbox 750 1987 847 2072; x_wconf 86' lang='lat' dir='ltr'><strong>atque</strong></span> <span class='ocrx_word' id='word_1_115' title='bbox 864 1968 1036 2071; x_wconf 86' lang='lat' dir='ltr'><strong>praesidem</strong></span> <span class='ocrx_word' id='word_1_116' title='bbox 1056 1966 1226 2056; x_wconf 88' lang='lat' dir='ltr'><strong>colebant,</strong></span> 
     </span>
     <span class='ocr_line' id='line_1_16' title="bbox 164 2084 1228 2187; baseline -0.001 -27"><span class='ocrx_word' id='word_1_117' title='bbox 164 2086 258 2187; x_wconf 90' lang='lat' dir='ltr'><strong>eique</strong></span> <span class='ocrx_word' id='word_1_118' title='bbox 276 2115 338 2187; x_wconf 93' lang='lat' dir='ltr'><strong>pro</strong></span> <span class='ocrx_word' id='word_1_119' title='bbox 356 2084 443 2160; x_wconf 87' lang='lat' dir='ltr'><strong>leliei</strong></span> <span class='ocrx_word' id='word_1_120' title='bbox 465 2116 617 2162; x_wconf 90' lang='lat' dir='ltr'><strong>successu</strong></span> <span class='ocrx_word' id='word_1_121' title='bbox 634 2106 710 2161; x_wconf 87' lang='lat' dir='ltr'><strong>vota</strong></span> <span class='ocrx_word' id='word_1_122' title='bbox 727 2087 899 2165; x_wconf 87' lang='lat' dir='ltr'><strong>faciebant.</strong></span> <span class='ocrx_word' id='word_1_123' title='bbox 926 2088 999 2159; x_wconf 89' lang='lat' dir='ltr'><strong>Hoc</strong></span> <span class='ocrx_word' id='word_1_124' title='bbox 1018 2086 1122 2159; x_wconf 93' lang='lat' dir='ltr'><strong>modo</strong></span> <span class='ocrx_word' id='word_1_125' title='bbox 1142 2089 1228 2160; x_wconf 90' lang='lat' dir='ltr'><strong>Her-</strong></span> 
     </span>
     <span class='ocr_line' id='line_1_17' title="bbox 164 2199 1227 2302; baseline -0.001 -27"><span class='ocrx_word' id='word_1_126' title='bbox 164 2201 269 2277; x_wconf 89' lang='lat' dir='ltr'><strong>culem</strong></span> <span class='ocrx_word' id='word_1_127' title='bbox 289 2201 383 2302; x_wconf 87' lang='lat' dir='ltr'><strong>Tyri,</strong></span> <span class='ocrx_word' id='word_1_128' title='bbox 402 2202 619 2298; x_wconf 81' lang='lat' dir='ltr'><strong>Carthagine,</strong></span> <span class='ocrx_word' id='word_1_129' title='bbox 640 2202 789 2287; x_wconf 67' lang='lat' dir='ltr'><strong>Gadibus</strong></span> <span class='ocrx_word' id='word_1_130' title='bbox 815 2201 887 2302; x_wconf 91' lang='lat' dir='ltr'><strong>pari</strong></span> <span class='ocrx_word' id='word_1_131' title='bbox 908 2200 1073 2297; x_wconf 85' lang='lat' dir='ltr'><strong>religione</strong></span> <span class='ocrx_word' id='word_1_132' title='bbox 1101 2199 1227 2274; x_wconf 89' lang='lat' dir='ltr'><strong>cultum</strong></span> 
     </span>
     <span class='ocr_line' id='line_1_18' title="bbox 164 2313 1227 2419; baseline 0.001 -30"><span class='ocrx_word' id='word_1_133' title='bbox 164 2344 233 2391; x_wconf 90' lang='lat' dir='ltr'><strong>esse</strong></span> <span class='ocrx_word' id='word_1_134' title='bbox 252 2316 410 2413; x_wconf 82' lang='lat' dir='ltr'><strong>legimus;</strong></span> <span class='ocrx_word' id='word_1_135' title='bbox 430 2337 462 2391; x_wconf 89' lang='lat' dir='ltr'><strong>et</strong></span> <span class='ocrx_word' id='word_1_136' title='bbox 489 2318 599 2393; x_wconf 91' lang='lat' dir='ltr'><strong>omnia</strong></span> <span class='ocrx_word' id='word_1_137' title='bbox 620 2319 682 2393; x_wconf 87' lang='lat' dir='ltr'><strong>ista</strong></span> <span class='ocrx_word' id='word_1_138' title='bbox 701 2317 821 2419; x_wconf 86' lang='lat' dir='ltr'><strong>templa</strong></span> <span class='ocrx_word' id='word_1_139' title='bbox 841 2316 937 2392; x_wconf 91' lang='lat' dir='ltr'><strong>donis</strong></span> <span class='ocrx_word' id='word_1_140' title='bbox 965 2313 1227 2418; x_wconf 83' lang='lat' dir='ltr'><strong>opulentissimis</strong></span> 
     </span>
     <span class='ocr_line' id='line_1_19' title="bbox 164 2431 1226 2536; baseline 0 -30"><span class='ocrx_word' id='word_1_141' title='bbox 164 2432 299 2506; x_wconf 82' lang='lat' dir='ltr'><strong>Herculi</strong></span> <span class='ocrx_word' id='word_1_142' title='bbox 317 2465 354 2509; x_wconf 82' lang='lat' dir='ltr'><strong>ex</strong></span> <span class='ocrx_word' id='word_1_143' title='bbox 367 2453 445 2509; x_wconf 80' lang='lat' dir='ltr'><strong>voto</strong></span> <span class='ocrx_word' id='word_1_144' title='bbox 459 2435 543 2509; x_wconf 89' lang='lat' dir='ltr'><strong>datis</strong></span> <span class='ocrx_word' id='word_1_145' title='bbox 560 2436 737 2536; x_wconf 88' lang='lat' dir='ltr'><strong>conspicua</strong></span> <span class='ocrx_word' id='word_1_146' title='bbox 751 2434 891 2509; x_wconf 86' lang='lat' dir='ltr'><strong>suerunt.</strong></span> <span class='ocrx_word' id='word_1_147' title='bbox 907 2435 959 2506; x_wconf 83' lang='lat' dir='ltr'><strong>Ile</strong></span> <span class='ocrx_word' id='word_1_148' title='bbox 971 2431 1093 2533; x_wconf 88' lang='lat' dir='ltr'><strong>opibus</strong></span> <span class='ocrx_word' id='word_1_149' title='bbox 1112 2431 1226 2535; x_wconf 90' lang='lat' dir='ltr'><strong>templi</strong></span> 
     </span>
     <span class='ocr_line' id='line_1_20' title="bbox 166 2546 1229 2652; baseline -0.003 -30"><span class='ocrx_word' id='word_1_150' title='bbox 166 2549 241 2650; x_wconf 82' lang='lat' dir='ltr'><strong>tyrii</strong></span> <span class='ocrx_word' id='word_1_151' title='bbox 264 2550 338 2624; x_wconf 93' lang='lat' dir='ltr'><strong>vide</strong></span> <span class='ocrx_word' id='word_1_152' title='bbox 365 2551 440 2625; x_wconf 90' lang='lat' dir='ltr'><strong>Dio.</strong></span> <span class='ocrx_word' id='word_1_153' title='bbox 464 2553 579 2638; x_wconf 89' lang='lat' dir='ltr'><strong>XLll,</strong></span> <span class='ocrx_word' id='word_1_154' title='bbox 600 2552 668 2652; x_wconf 74' lang='grc'><strong>49;</strong></span> <span class='ocrx_word' id='word_1_155' title='bbox 697 2569 730 2625; x_wconf 85' lang='lat' dir='ltr'><strong>et</strong></span> <span class='ocrx_word' id='word_1_156' title='bbox 746 2550 914 2637; x_wconf 92' lang='lat' dir='ltr'><strong>eumdem,</strong></span> <span class='ocrx_word' id='word_1_157' title='bbox 938 2549 1074 2634; x_wconf 82' lang='lat' dir='ltr'><strong>XLlll,</strong></span> <span class='ocrx_word' id='word_1_158' title='bbox 1101 2546 1171 2647; x_wconf 82' lang='lat'><strong>39,</strong></span> <span class='ocrx_word' id='word_1_159' title='bbox 1190 2546 1229 2620; x_wconf 94' lang='lat' dir='ltr'><strong>de</strong></span> 
     </span>
     <span class='ocr_line' id='line_1_21' title="bbox 167 2663 1225 2768; baseline 0.002 -30"><span class='ocrx_word' id='word_1_160' title='bbox 167 2665 291 2767; x_wconf 91' lang='lat' dir='ltr'><strong>templo</strong></span> <span class='ocrx_word' id='word_1_161' title='bbox 321 2668 498 2762; x_wconf 81' lang='lat' dir='ltr'><strong>gaditano,</strong></span> <span class='ocrx_word' id='word_1_162' title='bbox 533 2667 622 2768; x_wconf 92' lang='lat' dir='ltr'><strong>quod</strong></span> <span class='ocrx_word' id='word_1_163' title='bbox 657 2696 794 2768; x_wconf 88' lang='lat' dir='ltr'><strong>prorsus</strong></span> <span class='ocrx_word' id='word_1_164' title='bbox 821 2664 924 2740; x_wconf 92' lang='lat' dir='ltr'><strong>simile</strong></span> <span class='ocrx_word' id='word_1_165' title='bbox 947 2683 1015 2740; x_wconf 88' lang='lat' dir='ltr'><strong>erut</strong></span> <span class='ocrx_word' id='word_1_166' title='bbox 1047 2663 1095 2738; x_wconf 88' lang='lat' dir='ltr'><strong>illi</strong></span> <span class='ocrx_word' id='word_1_167' title='bbox 1121 2667 1225 2767; x_wconf 80' lang='lat' dir='ltr'><strong>tyrio;</strong></span> 
     </span>
    </p>
   </div>
   <div class='ocr_carea' id='block_1_5' title="bbox 166 2780 742 2875">
    <p class='ocr_par' dir='ltr' id='par_1_5' title="bbox 166 2780 742 2875">
     <span class='ocr_line' id='line_1_22' title="bbox 166 2780 742 2875; baseline 0.003 -23"><span class='ocrx_word' id='word_1_168' title='bbox 166 2780 289 2854; x_wconf 84' lang='lat' dir='ltr'><strong>Herod.</strong></span> <span class='ocrx_word' id='word_1_169' title='bbox 307 2784 362 2868; x_wconf 89' lang='lat' dir='ltr'><strong>ll,</strong></span> <span class='ocrx_word' id='word_1_170' title='bbox 383 2784 449 2875; x_wconf 69' lang='lat' dir='ltr'><strong>ll?</strong></span> <span class='ocrx_word' id='word_1_171' title='bbox 468 2783 625 2857; x_wconf 86' lang='lat' dir='ltr'><strong>Philostr.</strong></span> <span class='ocrx_word' id='word_1_172' title='bbox 646 2784 691 2873; x_wconf 85' lang='lat' dir='ltr'><strong>V,</strong></span> <span class='ocrx_word' id='word_1_173' title='bbox 711 2783 742 2875; x_wconf 68' lang='lat' dir='ltr'><strong>lp</strong></span> 
     </span>
    </p>
   </div>
   <div class='ocr_carea' id='block_1_6' title="bbox 164 2893 1225 3670">
    <p class='ocr_par' dir='ltr' id='par_1_6' title="bbox 164 2893 1225 3670">
     <span class='ocr_line' id='line_1_23' title="bbox 214 2893 1219 2984; baseline -0.001 -18"><span class='ocrx_word' id='word_1_174' title='bbox 214 2895 410 2970; x_wconf 89' lang='lat' dir='ltr'><strong>Persuasum</strong></span> <span class='ocrx_word' id='word_1_175' title='bbox 429 2897 503 2969; x_wconf 91' lang='lat' dir='ltr'><strong>inde</strong></span> <span class='ocrx_word' id='word_1_176' title='bbox 527 2896 608 2970; x_wconf 91' lang='lat' dir='ltr'><strong>mihi</strong></span> <span class='ocrx_word' id='word_1_177' title='bbox 637 2895 765 2984; x_wconf 81' lang='lat' dir='ltr'><strong>haben,</strong></span> <span class='ocrx_word' id='word_1_178' title='bbox 786 2897 954 2969; x_wconf 88' lang='lat' dir='ltr'><strong>Romanos</strong></span> <span class='ocrx_word' id='word_1_179' title='bbox 970 2893 1061 2968; x_wconf 89' lang='lat' dir='ltr'><strong>hunc</strong></span> <span class='ocrx_word' id='word_1_180' title='bbox 1076 2923 1219 2981; x_wconf 90' lang='lat' dir='ltr'><strong>morem,</strong></span> 
     </span>
     <span class='ocr_line' id='line_1_24' title="bbox 164 3008 1225 3101; baseline 0.002 -21"><span class='ocrx_word' id='word_1_181' title='bbox 164 3008 249 3082; x_wconf 86' lang='lat' dir='ltr'><strong>votis</strong></span> <span class='ocrx_word' id='word_1_182' title='bbox 267 3027 301 3083; x_wconf 88' lang='lat' dir='ltr'><strong>et</strong></span> <span class='ocrx_word' id='word_1_183' title='bbox 317 3011 461 3084; x_wconf 90' lang='lat' dir='ltr'><strong>decumis</strong></span> <span class='ocrx_word' id='word_1_184' title='bbox 478 3012 512 3083; x_wconf 93' lang='lat' dir='ltr'><strong>iu</strong></span> <span class='ocrx_word' id='word_1_185' title='bbox 528 3011 681 3086; x_wconf 90' lang='lat' dir='ltr'><strong>Herculis</strong></span> <span class='ocrx_word' id='word_1_186' title='bbox 697 3043 750 3088; x_wconf 88' lang='lat' dir='ltr'><strong>ara</strong></span> <span class='ocrx_word' id='word_1_187' title='bbox 776 3012 913 3101; x_wconf 88' lang='lat' dir='ltr'><strong>oblatis,</strong></span> <span class='ocrx_word' id='word_1_188' title='bbox 933 3011 1059 3085; x_wconf 87' lang='lat' dir='ltr'><strong>divitias</strong></span> <span class='ocrx_word' id='word_1_189' title='bbox 1076 3009 1116 3084; x_wconf 90' lang='lat' dir='ltr'><strong>ab</strong></span> <span class='ocrx_word' id='word_1_190' title='bbox 1136 3011 1225 3083; x_wconf 88' lang='lat' dir='ltr'><strong>Her-</strong></span> 
     </span>
     <span class='ocr_line' id='line_1_25' title="bbox 167 3125 1223 3231; baseline 0 -32"><span class='ocrx_word' id='word_1_191' title='bbox 167 3125 236 3201; x_wconf 88' lang='lat' dir='ltr'><strong>cule</strong></span> <span class='ocrx_word' id='word_1_192' title='bbox 256 3129 450 3230; x_wconf 85' lang='lat' dir='ltr'><strong>expetendi,</strong></span> <span class='ocrx_word' id='word_1_193' title='bbox 471 3129 564 3230; x_wconf 91' lang='lat' dir='ltr'><strong>eique</strong></span> <span class='ocrx_word' id='word_1_194' title='bbox 580 3159 680 3231; x_wconf 92' lang='lat' dir='ltr'><strong>opum</strong></span> <span class='ocrx_word' id='word_1_195' title='bbox 696 3129 879 3202; x_wconf 81' lang='lat' dir='ltr'><strong>etlortuuae</strong></span> <span class='ocrx_word' id='word_1_196' title='bbox 897 3127 1085 3231; x_wconf 76' lang='lat' dir='ltr'><strong>presidium</strong></span> <span class='ocrx_word' id='word_1_197' title='bbox 1103 3125 1223 3200; x_wconf 84' lang='lat' dir='ltr'><strong>adscri-</strong></span> 
     </span>
     <span class='ocr_line' id='line_1_26' title="bbox 165 3243 1220 3349; baseline 0.002 -33"><span class='ocrx_word' id='word_1_198' title='bbox 165 3243 287 3335; x_wconf 91' lang='lat' dir='ltr'><strong>bendi,</strong></span> <span class='ocrx_word' id='word_1_199' title='bbox 308 3247 581 3349; x_wconf 87' lang='lat' dir='ltr'><strong>quandocumque</strong></span> <span class='ocrx_word' id='word_1_200' title='bbox 604 3248 644 3319; x_wconf 87' lang='lat' dir='ltr'><strong>ab</strong></span> <span class='ocrx_word' id='word_1_201' title='bbox 667 3246 732 3319; x_wconf 88' lang='lat' dir='ltr'><strong>hoe</strong></span> <span class='ocrx_word' id='word_1_202' title='bbox 749 3246 942 3320; x_wconf 87' lang='lat' dir='ltr'><strong>Phoenieum</strong></span> <span class='ocrx_word' id='word_1_203' title='bbox 961 3272 1053 3317; x_wconf 87' lang='lat' dir='ltr'><strong>more</strong></span> <span class='ocrx_word' id='word_1_204' title='bbox 1066 3246 1197 3345; x_wconf 84' lang='lat' dir='ltr'><strong>petiisse</strong></span> <span class='ocrx_word' id='word_1_205' title='bbox 1213 3275 1220 3332; x_wconf 91' lang='lat'>;</span> 
     </span>
     <span class='ocr_line' id='line_1_27' title="bbox 166 3359 1222 3463; baseline -0.001 -29"><span class='ocrx_word' id='word_1_206' title='bbox 166 3378 199 3434; x_wconf 88' lang='lat' dir='ltr'><strong>et</strong></span> <span class='ocrx_word' id='word_1_207' title='bbox 215 3379 299 3435; x_wconf 90' lang='lat' dir='ltr'><strong>certe</strong></span> <span class='ocrx_word' id='word_1_208' title='bbox 320 3363 374 3436; x_wconf 91' lang='lat' dir='ltr'><strong>hie</strong></span> <span class='ocrx_word' id='word_1_209' title='bbox 388 3392 460 3436; x_wconf 86' lang='lat' dir='ltr'><strong>mos</strong></span> <span class='ocrx_word' id='word_1_210' title='bbox 478 3391 569 3463; x_wconf 85' lang='lat' dir='ltr'><strong>aeque</strong></span> <span class='ocrx_word' id='word_1_211' title='bbox 584 3361 709 3436; x_wconf 87' lang='lat' dir='ltr'><strong>aceedit</strong></span> <span class='ocrx_word' id='word_1_212' title='bbox 720 3390 823 3462; x_wconf 89' lang='lat' dir='ltr'><strong>prope</strong></span> <span class='ocrx_word' id='word_1_213' title='bbox 836 3360 878 3432; x_wconf 90' lang='lat' dir='ltr'><strong>ad</strong></span> <span class='ocrx_word' id='word_1_214' title='bbox 894 3359 1012 3461; x_wconf 73' lang='lat' dir='ltr'><strong>tyrium</strong></span> <span class='ocrx_word' id='word_1_215' title='bbox 1030 3360 1126 3433; x_wconf 90' lang='lat' dir='ltr'><strong>illum</strong></span> <span class='ocrx_word' id='word_1_216' title='bbox 1141 3363 1222 3434; x_wconf 89' lang='lat' dir='ltr'><strong>Her-</strong></span> 
     </span>
     <span class='ocr_line' id='line_1_28' title="bbox 166 3477 1223 3580; baseline 0.001 -29"><span class='ocrx_word' id='word_1_217' title='bbox 166 3477 286 3567; x_wconf 87' lang='lat' dir='ltr'><strong>culem,</strong></span> <span class='ocrx_word' id='word_1_218' title='bbox 307 3509 404 3580; x_wconf 90' lang='lat' dir='ltr'><strong>quam</strong></span> <span class='ocrx_word' id='word_1_219' title='bbox 424 3479 540 3580; x_wconf 90' lang='lat' dir='ltr'><strong>procul</strong></span> <span class='ocrx_word' id='word_1_220' title='bbox 564 3509 640 3553; x_wconf 89' lang='lat' dir='ltr'><strong>eum</strong></span> <span class='ocrx_word' id='word_1_221' title='bbox 657 3479 832 3552; x_wconf 85' lang='lat' dir='ltr'><strong>abhorrere</strong></span> <span class='ocrx_word' id='word_1_222' title='bbox 857 3477 898 3552; x_wconf 90' lang='lat' dir='ltr'><strong>ab</strong></span> <span class='ocrx_word' id='word_1_223' title='bbox 924 3478 1023 3551; x_wconf 89' lang='lat' dir='ltr'><strong>heroe</strong></span> <span class='ocrx_word' id='word_1_224' title='bbox 1039 3477 1099 3552; x_wconf 93' lang='lat' dir='ltr'><strong>illo</strong></span> <span class='ocrx_word' id='word_1_225' title='bbox 1118 3508 1223 3574; x_wconf 77' lang='lat' dir='ltr'><strong>graeco</strong></span> 
     </span>
     <span class='ocr_line' id='line_1_29' title="bbox 167 3595 487 3670; baseline 0 0"><span class='ocrx_word' id='word_1_226' title='bbox 167 3624 281 3670; x_wconf 88' lang='lat' dir='ltr'><strong>omues</strong></span> <span class='ocrx_word' id='word_1_227' title='bbox 298 3595 457 3670; x_wconf 86' lang='lat' dir='ltr'><strong>viderunt.</strong></span> <span class='ocrx_word' id='word_1_228' title='bbox 474 3606 487 3634; x_wconf 86' lang='lat'><em>²</em></span> 
     </span>
    </p>
   </div>
   <div class='ocr_carea' id='block_1_7' title="bbox 163 3762 1223 4152">
    <p class='ocr_par' dir='ltr' id='par_1_7' title="bbox 163 3762 1223 4152">
     <span class='ocr_line' id='line_1_30' title="bbox 199 3762 1222 3836; baseline 0 -17"><span class='ocrx_word' id='word_1_229' title='bbox 199 3769 207 3798; x_wconf 89' lang='lat'>¹</span> <span class='ocrx_word' id='word_1_230' title='bbox 227 3766 278 3836; x_wconf 84' lang='lat' dir='ltr'><strong>lpsi</strong></span> <span class='ocrx_word' id='word_1_231' title='bbox 295 3774 385 3835; x_wconf 84' lang='lat' dir='ltr'><strong>portus</strong></span> <span class='ocrx_word' id='word_1_232' title='bbox 403 3765 539 3831; x_wconf 79' lang='lat' dir='ltr'><strong>Herculis,</strong></span> <span class='ocrx_word' id='word_1_233' title='bbox 557 3783 670 3834; x_wconf 85' lang='lat' dir='ltr'><strong>quorum</strong></span> <span class='ocrx_word' id='word_1_234' title='bbox 719 3773 776 3829; x_wconf 90' lang='lat' dir='ltr'><strong>tur,</strong></span> <span class='ocrx_word' id='word_1_235' title='bbox 791 3762 835 3832; x_wconf 88' lang='lat' dir='ltr'><strong>qui</strong></span> <span class='ocrx_word' id='word_1_236' title='bbox 848 3764 936 3818; x_wconf 86' lang='lat' dir='ltr'><strong>omnia</strong></span> <span class='ocrx_word' id='word_1_237' title='bbox 950 3765 978 3817; x_wconf 88' lang='lat' dir='ltr'><strong>iu</strong></span> <span class='ocrx_word' id='word_1_238' title='bbox 992 3764 1136 3819; x_wconf 81' lang='lat' dir='ltr'><strong>Herculem</strong></span> <span class='ocrx_word' id='word_1_239' title='bbox 1155 3776 1222 3819; x_wconf 85' lang='lat' dir='ltr'><strong>tam-</strong></span> 
     </span>
     <span class='ocr_line' id='line_1_31' title="bbox 164 3841 1222 3912; baseline 0 -15"><span class='ocrx_word' id='word_1_240' title='bbox 164 3844 191 3897; x_wconf 90' lang='lat' dir='ltr'><strong>iu</strong></span> <span class='ocrx_word' id='word_1_241' title='bbox 205 3845 279 3898; x_wconf 88' lang='lat' dir='ltr'><strong>ltalia</strong></span> <span class='ocrx_word' id='word_1_242' title='bbox 290 3843 375 3912; x_wconf 81' lang='lat' dir='ltr'><strong>plures</strong></span> <span class='ocrx_word' id='word_1_243' title='bbox 387 3854 545 3909; x_wconf 86' lang='lat' dir='ltr'><strong>occurrunt,</strong></span> <span class='ocrx_word' id='word_1_244' title='bbox 561 3842 597 3896; x_wconf 87' lang='lat' dir='ltr'><strong>H.</strong></span> <span class='ocrx_word' id='word_1_245' title='bbox 609 3841 670 3895; x_wconf 85' lang='lat' dir='ltr'><strong>Mo·</strong></span> <span class='ocrx_word' id='word_1_246' title='bbox 719 3860 797 3910; x_wconf 86' lang='lat' dir='ltr'><strong>quum</strong></span> <span class='ocrx_word' id='word_1_247' title='bbox 819 3860 918 3895; x_wconf 79' lang='lat' dir='ltr'><strong>nomeu</strong></span> <span class='ocrx_word' id='word_1_248' title='bbox 936 3841 1039 3912; x_wconf 88' lang='lat' dir='ltr'><strong>aliquod</strong></span> <span class='ocrx_word' id='word_1_249' title='bbox 1057 3844 1155 3897; x_wconf 85' lang='lat' dir='ltr'><strong>illustre</strong></span> <span class='ocrx_word' id='word_1_250' title='bbox 1175 3863 1222 3896; x_wconf 87' lang='lat' dir='ltr'><strong>cu·</strong></span> 
     </span>
     <span class='ocr_line' id='line_1_32' title="bbox 164 3920 1223 3991; baseline 0 -15"><span class='ocrx_word' id='word_1_251' title='bbox 164 3924 247 3990; x_wconf 67' lang='lat' dir='ltr'><strong>unci,</strong></span> <span class='ocrx_word' id='word_1_252' title='bbox 259 3923 399 3990; x_wconf 84' lang='lat' dir='ltr'><strong>Labrouis,</strong></span> <span class='ocrx_word' id='word_1_253' title='bbox 411 3923 439 3975; x_wconf 88' lang='lat' dir='ltr'><strong>in</strong></span> <span class='ocrx_word' id='word_1_254' title='bbox 449 3921 542 3990; x_wconf 85' lang='lat' dir='ltr'><strong>quibus</strong></span> <span class='ocrx_word' id='word_1_255' title='bbox 550 3922 620 3975; x_wconf 80' lang='lat' dir='ltr'><strong>fama</strong></span> <span class='ocrx_word' id='word_1_256' title='bbox 632 3941 670 3977; x_wconf 89' lang='lat' dir='ltr'><strong>ae·</strong></span> <span class='ocrx_word' id='word_1_257' title='bbox 717 3920 1069 3991; x_wconf 75' lang='lat' dir='ltr'><strong>mulabaut.VideVirg.vol.</strong></span> <span class='ocrx_word' id='word_1_258' title='bbox 1077 3924 1118 3977; x_wconf 93' lang='lat' dir='ltr'><strong>lll</strong></span> <span class='ocrx_word' id='word_1_259' title='bbox 1127 3935 1223 3977; x_wconf 69' lang='lat' dir='ltr'><strong>nostre</strong></span> 
     </span>
     <span class='ocr_line' id='line_1_33' title="bbox 163 3998 1129 4071; baseline -0.002 -15"><span class='ocrx_word' id='word_1_260' title='bbox 163 4001 248 4069; x_wconf 85' lang='lat' dir='ltr'><strong>cedit,</strong></span> <span class='ocrx_word' id='word_1_261' title='bbox 264 4021 307 4055; x_wconf 84' lang='lat' dir='ltr'><strong>eos</strong></span> <span class='ocrx_word' id='word_1_262' title='bbox 319 4002 416 4071; x_wconf 84' lang='lat' dir='ltr'><strong>abipso</strong></span> <span class='ocrx_word' id='word_1_263' title='bbox 425 3999 540 4054; x_wconf 78' lang='lat' dir='ltr'><strong>Hercule</strong></span> <span class='ocrx_word' id='word_1_264' title='bbox 552 4000 669 4055; x_wconf 84' lang='lat' dir='ltr'><strong>conditos</strong></span> <span class='ocrx_word' id='word_1_265' title='bbox 720 3998 785 4054; x_wconf 84' lang='lat' dir='ltr'><strong>cott.</strong></span> <span class='ocrx_word' id='word_1_266' title='bbox 796 4018 851 4069; x_wconf 80' lang='lat' dir='ltr'><strong>pag.</strong></span> <span class='ocrx_word' id='word_1_267' title='bbox 864 4002 925 4066; x_wconf 81' lang='lat'><strong>203,</strong></span> <span class='ocrx_word' id='word_1_268' title='bbox 939 4012 994 4053; x_wconf 91' lang='lat' dir='ltr'><strong>not.</strong></span> <span class='ocrx_word' id='word_1_269' title='bbox 1012 4000 1068 4054; x_wconf 66' lang='lat' dir='ltr'><strong>tt..</strong></span> <span class='ocrx_word' id='word_1_270' title='bbox 1081 4003 1129 4054; x_wconf 80' lang='lat' dir='ltr'><strong>Ed.</strong></span> 
     </span>
     <span class='ocr_line' id='line_1_34' title="bbox 165 4077 1222 4152; baseline 0.001 -20"><span class='ocrx_word' id='word_1_271' title='bbox 165 4098 234 4147; x_wconf 78' lang='lat' dir='ltr'><strong>esse,</strong></span> <span class='ocrx_word' id='word_1_272' title='bbox 245 4079 277 4133; x_wconf 89' lang='lat' dir='ltr'><strong>ad</strong></span> <span class='ocrx_word' id='word_1_273' title='bbox 288 4079 424 4135; x_wconf 80' lang='lat' dir='ltr'><strong>Phoenices</strong></span> <span class='ocrx_word' id='word_1_274' title='bbox 435 4079 566 4150; x_wconf 82' lang='lat' dir='ltr'><strong>pertinere</strong></span> <span class='ocrx_word' id='word_1_275' title='bbox 576 4077 669 4133; x_wconf 83' lang='lat' dir='ltr'><strong>viden·</strong></span> <span class='ocrx_word' id='word_1_276' title='bbox 750 4079 851 4148; x_wconf 74' lang='lat' dir='ltr'><strong>&#39;Quod</strong></span> <span class='ocrx_word' id='word_1_277' title='bbox 860 4079 880 4134; x_wconf 76' lang='lat' dir='ltr'><strong>si</strong></span> <span class='ocrx_word' id='word_1_278' title='bbox 893 4078 971 4150; x_wconf 75' lang='lat' dir='ltr'><strong>igitur</strong></span> <span class='ocrx_word' id='word_1_279' title='bbox 980 4079 1005 4132; x_wconf 88' lang='lat' dir='ltr'><strong>in</strong></span> <span class='ocrx_word' id='word_1_280' title='bbox 1017 4079 1096 4152; x_wconf 74' lang='lat' dir='ltr'><strong>Syllae</strong></span> <span class='ocrx_word' id='word_1_281' title='bbox 1105 4079 1222 4133; x_wconf 81' lang='lat' dir='ltr'><strong>nummis</strong></span> 
     </span>
    </p>
   </div>
   <div class='ocr_carea' id='block_1_8' title="bbox 0 0 1350 4672">
    <p class='ocr_par' dir='ltr' id='par_1_8' title="bbox 0 0 1350 4672">
     <span class='ocr_line' id='line_1_35' title="bbox 0 0 1350 4672; baseline 0 0"><span class='ocrx_word' id='word_1_282' title='bbox 0 0 1350 4672; x_wconf 95' lang='lat' dir='ltr'><strong> </strong></span> 
     </span>
    </p>
   </div>
  </div>
 </body>
</html>
