2700 5100
396 421 404 433 Ι

139 735 181 800 38
411 734 451 800 Ρ.
484 735 661 802 OVIDII
694 734 922 806 NASONIS

139 871 257 946 Dulcia
275 899 333 944 eur
349 870 489 959 dentur,
505 871 600 946 video
615 902 623 946 :
641 874 738 974 ¹stipis
749 873 859 974 ‘adjice
875 873 1026 965 eausam,

118 1063 122 1070 ,
189 989 269 1061 Pars
285 988 365 1060 mibi
384 986 424 1061 de
439 988 525 1068 sesto
542 1017 583 1061 ue
601 987 691 1065 labet
706 988 774 1065 ulla
792 1009 860 1064 tuo.
1154 1034 1195 1088 ιφ

142 1105 248 1190 Risit,
266 1121 317 1188 et,
336 1107 369 1180 0
387 1134 484 1205 quam
501 1123 532 1179 te
547 1104 669 1180 fallunt
686 1124 740 1180 toa
756 1106 890 1195 secula,
908 1107 1010 1195 dixit,

190 1220 258 1317 Qui
277 1220 361 1320 stipe
378 1220 440 1295 mel
457 1239 564 1294 sumta
581 1220 711 1295 dulcius
727 1249 797 1296 esce
813 1225 930 1324 putes!

140 1338 206 1409 Vix
223 1365 283 1431 ego
298 1337 439 1410 Saturno
458 1364 656 1437 quemquam
671 1355 827 1432 regnante
843 1338 1013 1425 videbam,
1040 1349 1057 1367 ‘

118 1481 120 1485 ¹
191 1452 293 1549 Cujus
310 1480 378 1525 non
395 1453 503 1526 animo
522 1451 632 1526 dulcia
647 1451 737 1526 luera
754 1454 870 1527 forent.

142 1567 305 1667 Tempore
319 1569 419 1644 crevit
429 1594 538 1654 amor,
554 1568 612 1667 qui
623 1596 712 1641 nunc
726 1586 776 1641 est
788 1597 952 1655 summus,
966 1568 1127 1643 habendi:
1157 1594 1200 1662 195

192 1683 255 1755 Vix
274 1683 376 1770 ultre,
394 1713 461 1784 quo
477 1683 543 1782 jam
560 1684 808 1784 progrediatur,
824 1684 933 1757 babet

143 1795 259 1875 Pluris,
268 1826 348 1898 opes
361 1826 449 1871 nunc
463 1816 560 1885 sunt,
579 1826 677 1898 qoam
691 1800 791 1901 prisci
808 1799 965 1899 temporis
978 1800 1096 1887 annis;

193 1913 283 1985 Dum
301 1910 447 2013 populus
466 1941 608 2015 pauper,
627 1913 704 1987 dum
722 1943 807 1987 nova
825 1917 932 1988 Roma
947 1915 1029 1999 fuit3

146 2026 235 2099 Dum
254 2053 326 2098 casa
341 2026 560 2120 Martigenam
578 2027 728 2127 capiebat
744 2056 842 2128 parva
859 2029 1056 2125 Quirinum,

176 2214 650 2286 189.Desupes'ulerslreuasdatanon·
697 2216 772 2270 daret
784 2219 890 2282 omnia,
905 2219 984 2271 etiarn
997 2219 1124 2271 Horatius
1139 2236 1194 2286 pee-

146 2290 301 2344 uullahabet
309 2291 415 2360 Neupul.
424 2291 475 2359 lpsi
487 2291 602 2345 Cesarea
613 2302 650 2345 ta·
696 2293 746 2345 sim
759 2295 871 2362 graviter
883 2294 1018 2361 queritur,
1030 2304 1061 2345 ut
1074 2294 1102 2357 l,
1116 2292 1166 2361 Ep.
1177 2307 1201 2357 1,

146 2367 199 2420 lem
211 2367 304 2433 stipem
320 2367 477 2435 accipiebant
487 2391 494 2429 t
511 2379 539 2421 et
550 2378 651 2422 exstant
700 2370 792 2441 Sisqq.
807 2372 1011 2441 Comparatione
1022 2371 1167 2440 priscorum
1178 2380 1204 2422 et

147 2443 233 2513 plnres
244 2443 436 2515 inscriptiones,
445 2446 538 2515 quibus
548 2447 652 2516 Augus-
699 2452 874 2503 recentiorum
884 2460 1032 2518 temporum
1043 2467 1110 2518 sepe
1120 2459 1203 2518 poete

149 2536 190 2578 tus
206 2537 408 2579 monumentum
423 2547 454 2580 ex
468 2528 551 2597 stipe,
563 2545 652 2596 quarn
700 2527 814 2581 Romani
830 2526 1051 2596 magnificentiam
1065 2544 1120 2578 sue
1135 2525 1204 2578 urbis

149 2605 213 2672 Pop.
225 2603 256 2658 R.
267 2605 291 2657 ei
301 2603 359 2656 Kal.
368 2604 428 2658 Jan.
437 2605 591 2671 contulerit,
604 2622 653 2673 po-
698 2604 886 2658 commendant
897 2627 903 2665 ;
917 2605 961 2658 sed
974 2624 1046 2658 nune
1057 2624 1088 2657 ea
1100 2605 1128 2656 in
1137 2604 1205 2656 iuvi-

147 2684 225 2737 suisse
244 2692 372 2736 narratur.
388 2680 448 2732 vid.
460 2681 569 2734 Sueton.
585 2681 652 2749 Aug.
700 2681 771 2734 diam
784 2682 936 2735 recentioris
951 2683 1031 2737 eutis
1044 2681 1205 2746 instituitur,

148 2782 177 2834 qr
187 2783 193 2823 ;
204 2760 435 2831 Calig.4a,etquce
445 2756 653 2826 Ursinadprio-
700 2767 730 2811 ut
741 2757 809 2826 apud
823 2758 982 2824 Horatium,
996 2760 1022 2813 ll
1032 2798 1039 2824 ,
1051 2756 1105 2812 Od.
1120 2763 1167 2824 15,
1180 2770 1206 2812 et

149 2859 206 2893 rem
219 2841 305 2891 locum
320 2835 399 2890 dedit.
411 2861 444 2876 -
459 2838 574 2893 lebant,
595 2852 654 2903 que
700 2833 853 2904 alibi-De
864 2856 928 2890 casa
939 2837 1043 2891 Romuli
1054 2837 1127 2906 plura
1138 2837 1207 2906 apud

148 2918 247 2971 incerta
258 2913 425 2966 fluctuant·
432 2913 654 2981 Yuasaeculq,mo-
702 2916 815 2968 Veteres
823 2938 829 2976 ς
838 2916 940 2970 Seneca
948 2917 980 2968 de
990 2915 1128 2988 Consolq,
1136 2934 1162 2984 p.
1170 2935 1207 2968 m.

148 3014 190 3047 res
201 2992 294 3063 publici
307 2991 443 3045 hominum
455 2989 493 3042 lul
503 2989 558 3042 tvl·
571 2987 654 3041 Taci-
701 2991 750 3057 8⁴,
764 3013 777 3037 u
795 2994 842 3046 Νι
855 3004 883 3045 tu
894 2992 978 3062 pugilli
993 2992 1074 3045 animi
1088 3011 1131 3056 es,
1148 2992 1169 3046 ei
1181 2992 1206 3044 id

150 3085 206 3137 tus,
223 3072 292 3126 Mor.
308 3070 400 3124 Germ.
417 3089 460 3140 ις,
474 3090 487 3113 ι
502 3068 573 3133 Nec,
590 3085 654 3131 cor·
703 3067 783 3121 rideo
795 3068 898 3122 sortiter
908 3071 1018 3138 pateris,
1031 3071 1091 3140 quia
1101 3071 1209 3124 Romuli

151 3176 164 3200 n
178 3169 302 3220 rumpere
315 3160 342 3202 et
359 3149 511 3217 corrumpi,
532 3146 655 3200 seculum
703 3148 1208 3222 »casamnosti»Dionysiiaclbuccetate

151 3253 165 3277 s
177 3240 292 3284 vocetur.
305 3250 319 3275 s
340 3227 379 3280 Ex
397 3227 513 3280 moribus
530 3227 584 3292 jam
602 3223 655 3276 ba·
700 3225 786 3278 casula
795 3227 1002 3293 sustentabatur,
1013 3246 1091 3296 quarn
1105 3227 1209 3279 Romu-

149 3305 229 3362 bendi
242 3304 390 3373 cupidinem
402 3301 656 3371 perstringit-Fal·
702 3303 741 3357 los
756 3314 784 3358 et
799 3305 899 3359 Remus
910 3314 1064 3359 struxerant.
1080 3304 1208 3358 Arcbceol.

150 3388 220 3440 que,
238 3381 375 3432 latent-
391 3381 441 3429 Vix
451 3397 496 3445 ego
507 3387 555 3430 etc.
572 3376 656 3428 Aliter
702 3382 959 3453 1,1.xxv1‚p‚205‚
976 3385 1037 3437 edic.
1054 3383 1140 3436 Reisk.
1153 3384 1206 3438 sed

153 3462 249 3518 Noster
261 3457 319 3523 lll,
334 3456 426 3509 Amor.
439 3470 506 3518 vm,
520 3453 571 3517 35,
590 3473 603 3496 e
622 3453 657 3505 Al
701 3460 1002 3532 nunciutclligendaea,
1016 3478 1094 3531 quam
1103 3461 1208 3512 Romu-

154 3563 167 3587 »
180 3558 263 3608 quum
277 3554 358 3605 regna
367 3553 445 3587 senex
461 3531 515 3586 rell
528 3531 656 3586 Saturnus
701 3537 756 3601 lus,
767 3539 871 3593 condita
883 3540 937 3606 jam
951 3539 1034 3604 urbe,
1048 3536 1208 3590 inhabitabat

153 3640 167 3664 ν
180 3618 305 3681 baberet,
323 3612 412 3668 Omne
428 3613 529 3666 lucrum
543 3611 656 3663 tenebris
703 3632 760 3682 que
775 3625 801 3666 et
814 3617 872 3679 lll,
896 3619 940 3670 1⁸3
954 3635 1008 3684 seq.
1025 3624 1206 3676 memoratum

153 3717 167 3741 ν
180 3696 230 3748 alta
242 3696 375 3766 premebat
387 3693 514 3746 humus.»
528 3691 568 3744 Eo
584 3701 657 3742 tem·
704 3688 823 3744 Valerius
831 3694 900 3744 Mar.
909 3694 958 3759 lV,
970 3696 1002 3759 4,
1016 3716 1029 3739 «
1040 3695 1090 3746 Per
1100 3693 1208 3746 Romuli

38 3805 40 3809 .
154 3792 217 3842 pore
231 3776 349 3828 homines
361 3775 448 3844 paucis
464 3772 512 3824 illis
522 3767 657 3831 contenti,
704 3787 814 3822 »casam
828 3808 835 3834 ,
855 3789 953 3838 perque
973 3772 1068 3824 veteris
1086 3768 1210 3838 Capitolii

154 3870 212 3920 que
225 3851 299 3905 tellus
314 3871 361 3920 per
376 3871 403 3904 se
418 3851 511 3913 dabat,
529 3859 556 3902 et
569 3845 657 3899 omnia
705 3869 719 3893 ι»
731 3834 838 3900 bomilia
859 3859 931 3902 tecta.
947 3871 960 3895 »
978 3849 1059 3917 Leges
1076 3858 1134 3899 turn
1151 3866 1209 3901 non

153 3930 304 3985 eommunia
315 3928 439 3982 babentes
452 3966 460 3992 ,
479 3945 532 3978 nou
546 3935 657 3994 appete·
702 3923 822 3976 sinebant
834 3922 972 3976 fortuitum
985 3943 1108 3992 spernere
1121 3927 1210 3993 cespi-

155 4008 219 4062 bant
234 4026 311 4075 opes;
329 4005 374 4061 sed
393 4008 479 4060 ferreo
492 4005 600 4057 demum
611 4021 660 4057 ει·
704 4013 773 4079 cem,
788 4001 912 4055 Horatius
920 4001 945 4053 d.
956 4003 1130 4067 l.—-Cap1'eba1
1135 4004 1210 4063 ,satis

154 4083 557 4140 culoamorsceleratusbabendi
565 4102 657 4137 omues
704 4079 789 4150 ampla
800 4089 855 4134 erat
867 4078 898 4132 ad
910 4079 1091 4149 recipiendum
1106 4081 1209 4135 Romu-

152 4164 262 4224 invasit3
275 4162 407 4217 lMetem.
419 4162 472 4214 131.
482 4161 535 4215 Sed
543 4160 593 4214 boc
601 4161 658 4214 loco
704 4160 767 4214 lum.
775 4186 808 4200 ·-
817 4160 971 4226 Martigena,
987 4170 1017 4211 ut
1027 4163 1207 4228 draconigenae,

154 4242 238 4296 Janus
246 4257 326 4309 prope
335 4238 420 4306 jocose
429 4256 486 4289 rem
494 4256 587 4306 urgere
596 4238 657 4290 vult
702 4234 955 4306 erre'geeaetsimilie
963 4235 1031 4303 apud
1043 4236 1209 4289 Nestum.-

152 4315 197 4368 De
208 4316 289 4370 aoirni
301 4313 414 4381 ceruqine
425 4331 538 4381 curaque
551 4313 657 4382 peculii,
705 4314 744 4367 Ex
754 4317 956 4380 eloisflunu'onm
968 4314 1052 4367 lacere
1065 4325 1136 4367 toros
1146 4313 1208 4363 olim

154 4409 205 4458 qna
216 4394 260 4446 illo
271 4405 388 4462 tempore
402 4410 495 4444 omnes
507 4390 659 4444 nitebantur
704 4408 829 4460 pauperes
851 4392 986 4458 solebant,
1010 4392 1079 4447 Vlll
1099 4391 1208 4444 Metam.

153 4482 211 4522 retu
226 4469 327 4537 hoece,
342 4488 423 4540 quum
440 4468 531 4540 regina
549 4469 659 4538 pecunia
704 4469 773 4534 655,
792 4482 822 4521 ut
839 4470 1041 4526 Lacedemunes
1051 4474 1073 4524 ἐκ
1088 4470 1207 4522 scutilo-1.
