2692 4672
130 358 196 427 358
403 356 442 420 P.
471 352 654 422 OVIDII
684 350 914 421 NASONIS

180 497 272 596 Saepe
290 494 353 567 tibi
373 493 479 595 Stygii
496 494 586 587 regia
601 494 670 568 visa
686 493 790 568 loris.

129 611 229 685 Venit
247 610 403 684 adoratus
422 608 618 684 Caducifer:
633 610 743 711 accipe
761 636 893 684 causam

177 725 329 799 Nominis
346 756 353 798 :
369 753 409 798 ex
427 725 501 827 ipso
519 725 651 821 cognita
669 752 765 800 rausa
784 724 847 799 deo
863 742 922 799 est.
1148 746 1190 815 450

131 841 295 916 Romulus
311 860 349 915 ut
365 840 494 916 tumulo
512 842 671 915 fraternas
687 839 837 914 condidit
853 838 1014 928 umbras,

176 960 221 1031 Et
237 957 321 1032 male
338 957 440 1032 veloci
455 959 543 1055 justa
560 956 669 1030 soluta
687 958 817 1030 Remo:

128 1073 308 1148 Faustulus
325 1072 455 1159 infelix,
475 1091 506 1147 et
524 1074 629 1175 passis
647 1073 735 1145 Acca
753 1068 881 1171 capillis
964 1081 968 1091 '

179 1189 385 1293 spargebant
404 1190 553 1292 lacrymis
569 1219 643 1265 ossa
661 1208 795 1290 perusta
814 1188 893 1263 suis.

129 1306 212 1381 lude
232 1308 365 1382 domum
376 1307 517 1388 ,redeunt
536 1307 598 1382 sub
616 1306 723 1407 prima
741 1301 934 1405 crepuscula
951 1306 1084 1396 moesti,
1149 1325 1194 1395 455

182 1424 294 1523 thue
314 1439 402 1508 erat,
420 1421 457 1495 in
475 1420 559 1495 duro
574 1421 780 1524 procubuere
800 1437 900 1493 toro:

131 1539 258 1612 Umbra
275 1556 408 1611 cnreuta
426 1539 521 1613 Remi
540 1538 607 1612 visa
626 1555 676 1610 est
692 1534 849 1609 adsistere
865 1534 972 1622 lecto,

178 1654 290 1753 Atque
309 1651 379 1726 haee
397 1652 516 1747 exiguo
533 1680 699 1726 murmure
713 1650 812 1723 verba
832 1648 947 1751 loqui:

135 1769 188 1840 Eu
204 1793 266 1861 ego
287 1764 459 1839 dimidium
477 1767 577 1839 vestri
594 1793 737 1868 parsque
754 1765 855 1839 altera
872 1765 960 1854 ruti,

128 1917 187 1983 erat
198 1927 230 1980 ad
246 1927 427 1997 exponendum
445 1927 560 2001 nominis
577 1926 638 1982 ori·
686 1930 776 2003 batum
788 1926 982 1995 Plinius,Vll,
992 1927 1042 1999 Ep.
1051 1943 1145 1994 xxvrr,
1154 1945 1196 1982 rra

129 2005 218 2074 ginem
228 2026 234 2063 ;
246 2004 291 2057 sed
302 2015 329 2058 et
337 2006 447 2060 alterum
455 2012 539 2074 υἰνμ,
551 2007 639 2075 inquo
688 2030 702 2053 α
716 2007 819 2060 Domus
830 2007 880 2060 rite
890 2006 1004 2061 conditis
1017 2007 1143 2061 Manibus
1153 2026 1195 2060 ca-

129 2080 224 2153 reliqui
234 2081 307 2136 MSS
315 2083 640 2154 omnesconspirant,boc
690 2108 704 2132 s
719 2087 779 2140 ruit.
793 2108 806 2132 s
819 2084 887 2156 Vide
905 2095 938 2138 et
948 2085 1073 2140 Servium
1087 2085 1120 2139 sd
1138 2086 1197 2139 En.

129 2159 189 2212 loco
211 2161 394 2228 aptissimum
419 2169 511 2231 os'qa,
539 2163 640 2233 insigne
689 2165 747 2231 111,
766 2166 807 2232 67.
823 2193 856 2206 -
873 2167 966 2227 Male„
980 2164 1009 2218 iu
1025 2184 1104 2219 susm
1122 2164 1197 2236 ipsius

130 2237 368 2307 Mercuriipotess.
381 2260 433 2311 quo
441 2240 523 2294 multa
535 2238 639 2295 efficere
688 2242 842 2312 perniciem.

130 2327 229 2386 potest,
246 2337 300 2387 quo
308 2319 387 2372 etiam
400 2320 505 2373 umbras
516 2318 548 2371 nd
561 2319 644 2388 stygis·
723 2323 778 2386 455.
798 2321 849 2372 Sub
857 2324 942 2386 prisea
952 2323 1109 2386 crepusculo.
1130 2319 1199 2392 Ergo

130 2398 219 2455 Jorr's,
233 2396 286 2450 sive
298 2397 418 2473 Plutonis
426 2398 524 2466 regiam
534 2395 641 2449 deducit
688 2398 738 2451 ille
757 2398 1016 2467 exsequioetempore
1035 2399 1200 2468 pomeridia-

132 2479 286 2543 poxsaespxs'e·
300 2475 393 2530 Horat.
408 2474 478 2529 dicto
491 2477 562 2541 loco,
574 2493 640 2527 vers.
689 2495 725 2529 no
744 2475 836 2541 saera,
855 2494 938 2544 quum
952 2474 1036 2529 serius
1046 2478 1142 2530 funera
1154 2477 1198 2530 in·

134 2571 170 2620 ¹7·
180 2579 214 2592 -
223 2557 368 2611 Adventus.
381 2554 535 2625 imploratus
545 2571 560 2604 s
572 2571 624 2605 me.
689 2553 783 2607 dictiva
796 2571 888 2617 mane,
902 2552 979 2606 tacita
989 2564 1073 2607 noctu
1086 2553 1199 2608 institue·

163 2632 220 2694 451.
242 2632 329 2686 Etiam
344 2631 493 2706 Porphyrio
505 2630 536 2684 ad
551 2630 642 2682 Hora·
688 2642 789 2685 rentur.
798 2632 922 2685 Festusin
932 2632 1022 2684 vocab.
1037 2635 1197 2700 Vesptttones.

133 2705 218 2774 tium,
233 2711 276 2775 ll,
293 2709 641 2784 Ep.11,299:«Lemures
689 2737 722 2750 —
740 2712 821 2764 Toros
835 2713 923 2770 durus,
937 2708 1039 2779 sponda
1054 2716 1199 2764 nonstrau

132 2803 145 2826 ν
160 2782 241 2836 dictos
253 2805 307 2839 esse
320 2799 414 2855 putant
426 2787 498 2856 quasi
512 2787 641 2838 Remures
690 2787 754 2841 ulvis
767 2798 813 2841 aut
827 2787 880 2840 aliis
893 2786 971 2840 rebus
983 2786 1123 2847 mollibus;
1141 2784 1209 2855 vide·

133 2880 146 2903 n
162 2878 176 2910 a
187 2860 273 2912 Remo
281 2899 289 2924 ,
298 2864 371 2928 cujus
378 2863 454 2915 occisi
462 2862 584 2914 umbram
592 2860 641 2914 fra·
690 2864 721 2916 ad
735 2866 748 2917 l
755 2905 762 2931 ‚
773 2885 821 2919 noo
832 2886 839 2926 ς
852 2874 878 2917 et
887 2882 947 2917 mox
957 2883 1024 2918 vers.
1034 2869 1092 2937 Suq
1107 2865 1206 2920 Ureret

134 2958 147 2982 n
162 2947 203 2989 ter
214 2938 343 2990 Romulus
353 2956 434 3006 quum
443 2936 544 3004 placare
554 2937 640 3004 vellet,
690 2943 746 2994 sine
759 2953 895 3011 apparatu.
916 2941 1080 2995 Ambrosiam
1100 2942 1203 3008 primus

134 3037 148 3060 ν
162 3016 286 3069 Lemuria
305 3015 432 3080 instituit,
447 3014 472 3067 id
484 3024 523 3068 est
535 3017 640 3069 Paren-
689 3030 717 3071 et
731 3019 793 3072 teri
802 3057 811 3086 ,
821 3023 885 3070 duro
895 3024 962 3076 solo.
977 3018 1139 3085 11th,6543
1151 3016 1201 3071 sed

134 3118 147 3142 n
163 3096 238 3161 talia,
260 3113 318 3164 que
331 3112 420 3146 meme
433 3091 507 3145 Maio
528 3112 575 3162 per
587 3093 640 3146 tri-
689 3097 716 3150 id
731 3115 802 3150 nune
814 3097 915 3165 speruit
927 3098 1118 3162 Burmannus,
1135 3095 1199 3166 quia

134 3196 147 3220 »ο
163 3175 246 3227 duum
258 3173 382 3227 celebrari
393 3172 477 3225 solent
490 3182 551 3226 ante
564 3169 640 3223 addi·
687 3181 767 3228 lectus
773 3174 900 3242 sequitur.
919 3172 1045 3229 Arondel.
1057 3186 1086 3228 et
1096 3174 1199 3228 Putea-

134 3274 147 3297 »
162 3263 219 3306 tum
232 3271 303 3305 anuo
315 3270 433 3305 mensem
447 3249 620 3303 Februarium
634 3268 640 3300 τ
689 3272 753 3316 nus,
768 3253 968 3306 Sr'cuteraut.·-
980 3254 1057 3306 Vesus
1067 3253 1199 3306 esnisia-

135 3353 147 3375 »
163 3331 196 3382 ob
206 3351 285 3400 quarn
297 3352 353 3385 rem
363 3330 437 3384 Maio
447 3349 537 3383 mense
550 3328 641 3398 religio
688 3342 738 3384 lere
748 3339 793 3382 aut
803 3332 893 3384 adesse
903 3330 1017 3384 formula
1027 3330 1150 3383 solemnis
1162 3327 1196 3383 de

135 3431 148 3454 u
162 3420 201 3461 est
213 3411 341 3463 nubere.»
354 3410 418 3462 Haer
428 3406 539 3463 secunda
550 3404 641 3459 Ovidii
689 3408 733 3471 iis,
746 3407 790 3474 qui
808 3408 836 3459 in
849 3410 947 3462 somnis
959 3419 1092 3478 apparent.
1103 3435 1135 3447 ·—
1145 3409 1200 3460 Dr*-

133 3482 267 3553 pbantasia
284 3487 320 3537 sic
339 3486 493 3549 exornavit,
514 3493 543 3535 ut
563 3481 641 3534 Remi
689 3486 971 3549 midsumetparsoestn'
975 3489 1035 3546 sote,
1045 3485 1111 3537 alter
1118 3483 1198 3536 alum·

134 3561 254 3614 umbram
266 3563 438 3616 nutritoribus
444 3562 496 3614 suis
506 3561 532 3611 in
542 3560 640 3614 somnis
690 3579 787 3613 norum
799 3575 944 3616 vestrorum
958 3585 964 3626 ς
982 3564 1016 3618 de
1027 3571 1094 3617 wte's
1105 3583 1197 3634 paren·

133 3637 300 3692 adsistentem
314 3649 390 3708 atque
401 3641 497 3692 festum
510 3638 579 3690 diem
593 3637 640 3690 sibi
689 3648 746 3691 tum
767 3641 834 3695 Vlll
854 3642 963 3694 Metam.
980 3645 1038 3714 499
1055 3642 1156 3695 Eadem
1166 3650 1192 3695 et

133 3728 282 3787 poscentem
297 3717 415 3788 lingeret.
438 3719 581 3771 Coboerent
592 3736 641 3769 au·
688 3720 821 3772 nutricum
835 3731 924 3782 eraut;
946 3721 1087 3787 Horatius,
1105 3722 1132 3787 l,
1145 3720 1191 3791 Ep.

134 3806 189 3848 tem
202 3795 257 3850 brec
267 3815 327 3848 rum
343 3796 537 3861 1V,810-855,
551 3795 594 3846 ubi
607 3794 640 3847 de
689 3814 733 3864 ιν,
748 3801 782 3852 8:
799 3821 811 3844 o
828 3798 901 3866 Quid
916 3811 1010 3854 voveat
1021 3799 1089 3853 dulci
1102 3802 1192 3854 nutri-

135 3876 212 3928 Renu'
227 3893 291 3927 nece
309 3885 335 3928 et
352 3874 493 3943 exsequiis,
513 3883 591 3940 atque
607 3872 640 3925 de
690 3900 704 3923 ι·
718 3878 774 3931 cula
786 3879 869 3947 majus
879 3879 1008 3934 alumno?
1021 3902 1035 3927 1·
1053 3882 1192 3934 Dr'see'de'aeae

135 3955 253 4006 Faustuli
261 3962 288 4005 et
299 3952 375 4007 Acce
386 3971 447 4021 erga
464 3968 526 4002 eum
537 3951 640 4019 pietate.
689 3964 776 4005 autem
791 3965 817 4007 et
822 3974 885 4021 pars
899 3962 955 4009 votr'
963 3957 1064 4010 dictum
1078 3968 1109 4011 ut
1121 3961 1149 4011 iu
1159 3958 1193 4011 il⁴

134 4058 167 4070 -·
181 4033 315 4096 Lbnde'dm
335 4031 437 4101 sepulto
448 4048 556 4100 corpore
566 4070 573 4095 ,
585 4049 642 4083 nm·
688 4031 719 4083 lis
727 4048 733 4082 :
741 4037 831 4083 unisse
842 4035 973 4088 diacrisim
979 4052 1038 4088 sseae
1048 4036 1164 4101 Horatii,
1172 4036 1197 4102 l,

133 4110 179 4159 bru
191 4118 236 4160 aut
250 4109 337 4161 anima
350 4112 463 4175 sepulcro
474 4111 551 4161 condi
565 4106 639 4164 dice-
689 4108 744 4165 Od.
756 4126 807 4179 111,
820 4116 853 4178 ὃς
865 4124 892 4168 et
902 4121 991 4168 asiae
1001 4122 1094 4169 emm
1109 4115 1199 4182 nasis-
