2692 4672
319 348 321 352 ‘
437 340 489 408 IN
512 340 697 409 OVIDII
721 337 942 408 Fuscos.
1155 343 1221 428 463

153 482 276 557 ritihus
292 478 498 555 illustrandis
519 497 552 554 et
574 507 615 555 ex
634 477 775 553 historia
796 478 996 554 deducendis
1017 504 1223 571 meruerant,

155 633 281 707 eosque
294 603 473 707 saepissime
487 603 672 706 Dionysius
684 620 720 678 et
728 602 928 680 Plutarchus
937 604 1060 706 passim
1072 604 1158 683 hanc
1168 637 1226 683 an-

158 729 344 832 tiquitatem
362 725 566 803 illustrantes
582 723 775 830 respiciunt.
793 726 904 802 Etiam
919 730 956 800 in
975 728 1226 824 Quaestionihua

155 855 319 942 romanis,
334 881 408 956 quae
419 852 455 926 id
468 880 573 949 genus
585 850 689 927 multa
702 851 878 941 exhibent,
892 851 1091 928 Plutarchus
1099 856 1229 931 easdem

156 1005 294 1080 prorsus
311 1006 387 1053 cum
405 975 528 1050 Ouidio
544 975 716 1077 proferens
732 974 929 1064 sententias,
944 975 1078 1051 eosdem
1093 978 1226 1069 sontes,

157 1102 242 1179 forte
260 1120 294 1176 et
310 1103 472 1177 fastorum
488 1101 743 1177 commentarios
761 1101 807 1174 oh
826 1099 942 1177 oculos
959 1101 1114 1178 habuisse
1136 1104 1229 1180 vide-

160 1245 224 1302 tur.
252 1230 373 1304 Butam
396 1247 506 1303 autem
530 1227 632 1303 fuisse
664 1246 824 1328 poetam,
853 1228 912 1329 erari
939 1255 994 1302 res
1014 1257 1165 1306 romanas
1188 1229 1230 1305 ad

159 1380 271 1427 causas
294 1380 370 1428 suas
394 1350 565 1427 fabulosas
585 1350 757 1428 referendo
779 1351 941 1427 incertum
967 1381 1035 1453 quo
1056 1369 1229 1455 tempore,

160 1479 303 1553 carmine
315 1478 401 1551 hanc
414 1505 560 1552 romanae
577 1476 788 1579 antiquitatis
800 1494 929 1578 partem
941 1475 1103 1554 illustrare
1117 1505 1231 1554 susc&

161 1619 276 1700 perat,
295 1600 453 1675 discimus
469 1626 509 1675 ex
525 1598 612 1676 Plut.
632 1600 667 1673 in
682 1597 847 1690 Romulo,
865 1627 937 1701 cap.
956 1626 1020 1690 213
1039 1600 1081 1676 cl.
1098 1601 1228 1678 Amoh.
1298 1676 1317 1693 ,.

161 1724 223 1796 lih.
244 1722 284 1812 5,
301 1722 373 1797 init.
394 1740 431 1796 et
442 1721 594 1824 praeclare
608 1722 672 1798 hoc
689 1749 820 1797 carmen
837 1721 974 1804 carmini
987 1721 1153 1798 ovidiana
1172 1752 1230 1798 co-

163 1864 298 1944 gnatum
313 1848 471 1948 judicavit
487 1849 585 1923 Lena.
603 1846 626 1924 l.
646 1877 673 1922 c.
691 1876 726 1949 p.
743 1844 776 1919 5.
793 1845 994 1922 Plutarchus
1009 1847 1076 1923 duo
1089 1875 1202 1923 versus
1218 1857 1228 1891 ¹

164 1971 204 2045 de
220 1971 424 2074 Lupercaliis
436 2002 477 2048 ex
493 1971 700 2061 colaudans,
718 1980 810 2054 αἰτίας
823 1974 963 2068 μυθώδεις
978 1983 1008 2044 ἐν
1021 1978 1154 2071 ἐλεγείοις
1167 1978 1232 2081 poi
1325 1964 1332 1980 ⁵

163 2110 220 2169 τῶν
237 2089 398 2192 Ῥωμαϊκῶν
414 2096 585 2198 scripsisse
602 2093 758 2184 tradidit,
775 2111 808 2169 et
823 2094 953 2168 Aruoh.
967 2124 1006 2170 ex
1024 2096 1095 2198 ejus
1112 2093 1232 2171 Cnoso-
1341 2188 1343 2192 .

163 2218 257 2305 libus,
277 2238 315 2295 ut
329 2219 580 2321 inscriptionem
592 2216 671 2291 libri
688 2215 788 2292 latine
800 2217 914 2304 vertit,
934 2217 1046 2293 Fatuae
1060 2218 1234 2297 historiam

165 2341 310 2415 exhibet.
335 2338 421 2415 Vide
435 2339 474 2414 de
490 2368 525 2416 eo
538 2338 685 2414 Verrium
702 2338 741 2413 de
755 2339 924 2415 historicis
940 2341 1074 2443 meis,
1086 2368 1122 2445 p,
1142 2338 1233 2445 337,

166 2480 200 2536 et
216 2461 256 2535 de
272 2480 362 2564 poet.
381 2490 475 2559 graec.
489 2491 523 2564 p.
540 2462 620 2536 225.
634 2465 690 2537 An
706 2461 742 2536 in
760 2463 875 2538 ordine
890 2448 1137 2567 eumedium
1152 2483 1234 2540 tem-

165 2615 248 2688 pora
266 2585 445 2684 digerendo
462 2604 497 2662 et
512 2589 548 2661 in
563 2585 637 2663 aliis
651 2588 792 2663 Ovidius
805 2578 987 2692 eum3⁵seqni
1004 2590 1168 2691 potuerit,
1187 2591 1234 2664 oh

167 2740 289 2814 paucas
303 2712 342 2787 de
357 2738 397 2785 eo
409 2711 546 2785 notitias
561 2741 623 2814 pro
637 2731 726 2786 certo
739 2712 804 2785 dici
818 2708 953 2813 nequit,
963 2741 1068 2814 quum
1083 2713 1150 2814 ipsi
1164 2716 1234 2789 tta-

155 2834 261 2919 .-saldo
278 2835 321 2909 ad
337 2833 526 2909 Amohium
543 2832 566 2907 l.
584 2863 615 2907 c.
633 2835 680 2910 ita
694 2832 1032 2930 ignotoreideretnr,
1056 2853 1095 2910 ut
1113 2844 1252 2912 nomen

165 2958 262 3035 Butae
279 2960 315 3034 in
333 2957 515 3034 Plutarcho
532 2954 768 3053 mnsam
780 2980 854 3034 esse
869 2975 1021 3059 putaret,
1038 2958 1097 3032 uhi
1114 2961 1235 3033 miran-

169 3081 249 3158 dum
266 3101 337 3168 est,
360 3081 458 3157 etiam
476 3077 774 3157 Vttrumhselrium
795 3109 826 3155 v.
846 3111 873 3155 c.
899 3081 1061 3180 (Proleg.
1089 3081 1130 3156 ad
1155 3081 1235 3158 Plu-

171 3205 273 3280 tarch.
293 3205 382 3305 prael
402 3234 477 3306 pag.
496 3200 567 3298 46)
586 3232 661 3279 cum
678 3233 718 3279 eo
733 3206 918 3280 consentire
935 3205 1048 3280 videri.
1070 3245 1110 3260 -
1132 3205 1235 3302 Quod

171 3329 257 3403 idem
275 3358 305 3400 v.
324 3357 352 3402 c.
373 3330 537 3419 Lenaius,
563 3358 639 3431 pag.
666 3330 690 3423 l,
712 3330 875 3430 conjecit,
908 3327 1014 3401 simile
1043 3326 1236 3405 Callimachi

173 3453 335 3541 Carmen,
355 3451 447 3553 quod
464 3461 550 3526 Αἴτωι
566 3453 784 3542 inscribitur,
808 3450 931 3527 ovidio
955 3450 1064 3552 quoad
1083 3480 1187 3547 genus
1204 3470 1238 3526 et

174 3676 175 3679 '
204 3680 214 3711 ¹
232 3677 389 3733 Tradiderat
406 3678 441 3731 ihi
459 3677 555 3744 Butae,
571 3696 677 3732 cursum
727 3686 782 3731 tato
791 3675 945 3731 Plutarchus
959 3697 965 3730 :
978 3686 1017 3732 καὶ
1026 3688 1124 3750 μίμημα
1136 3691 1175 3735 τοῦ
1185 3684 1238 3737 τίη,

171 3759 200 3812 in
217 3757 375 3828 Lupercaliis
391 3759 537 3812 solemnem
555 3768 679 3828 repeton·
731 3762 813 3830 ’δράμεν
824 3766 865 3820 τὴν
877 3760 953 3832 ἑορτὴν
972 3760 1066 3825 hetae,
1088 3768 1129 3812 καὶ
1147 3762 1235 3832 ψ’χω

173 3838 236 3892 dum
249 3858 304 3891 ease
317 3857 331 3890 a
344 3839 454 3907 gaudio,
468 3859 522 3908 quo
533 3839 677 3905 Romulus,
728 3843 779 3896 raia
791 3838 835 3889 ciri
846 3840 933 3905 aitrus,
945 3845 1011 3897 eois:

174 3917 282 3972 Amulio
299 3918 386 3983 victo,
404 3936 481 3972 eursu
501 3919 632 3971 festinavit
651 3919 679 3970 in
727 3903 857 3986 ἑμκοδιοὺς
871 3922 991 3978 tiermes
1004 3922 1060 3977 ὅπως
1076 3920 1125 3972 τότε
1140 3916 1236 3988 folclind

174 4016 236 4051 eum
249 3997 334 4051 locum
344 4036 352 4062 ,
364 3997 409 4049 ubi
421 3997 481 4067 lupa
493 3998 559 4050 uber
570 3997 593 4050 ei
608 4016 680 4067 prra-
810 4002 898 4064 ῒχσπις

175 4074 268 4128 buerat
284 4094 290 4128 ι
307 4085 331 4128 et
347 4075 432 4164 pergit
443 4076 471 4129 in
483 4075 540 4131 loco
553 4094 630 4148 supra
641 4075 681 4132 ci·
761 4065 797 4146 ἐξ
806 4069 880 4140 dacae
891 4083 948 4134 itm
959 4066 1067 4146 ῥωμιὲλος
1078 4080 1120 4139 ἰδὲ
1130 4064 1214 4147 lituus
