<?xml version="1.0" encoding="UTF-8"?>
<!DOCTYPE html PUBLIC "-//W3C//DTD XHTML 1.0 Transitional//EN"
    "http://www.w3.org/TR/xhtml1/DTD/xhtml1-transitional.dtd">
<html xmlns="http://www.w3.org/1999/xhtml" xml:lang="en" lang="en">
 <head>
  <title>
</title>
<meta http-equiv="Content-Type" content="text/html;charset=utf-8" />
  <meta name='ocr-system' content='tesseract 3.04.00' />
  <meta name='ocr-capabilities' content='ocr_page ocr_carea ocr_par ocr_line ocrx_word'/>
</head>
<body>
  <div class='ocr_page' id='page_1' title='image "./publiiovidiinas08massgoog/publiiovidiinas08massgoog_0462.png"; bbox 0 0 2692 4672; ppageno 0'>
   <div class='ocr_carea' id='block_1_1' title="bbox 417 310 1197 407">
    <p class='ocr_par' dir='ltr' id='par_1_1' title="bbox 417 310 1197 407">
     <span class='ocr_line' id='line_1_1' title="bbox 417 310 1197 407; baseline -0.001 -27"><span class='ocrx_word' id='word_1_1' title='bbox 417 313 472 382; x_wconf 85' lang='lat' dir='ltr'><strong>1N</strong></span> <span class='ocrx_word' id='word_1_2' title='bbox 497 311 923 382; x_wconf 74' lang='lat' dir='ltr'><strong>0V1n11nnsros.</strong></span> <span class='ocrx_word' id='word_1_3' title='bbox 1130 310 1197 407; x_wconf 73' lang='lat'><strong>4⁵7</strong></span> 
     </span>
    </p>
   </div>
   <div class='ocr_carea' id='block_1_2' title="bbox 262 519 983 875">
    <p class='ocr_par' dir='ltr' id='par_1_2' title="bbox 262 519 921 687">
     <span class='ocr_line' id='line_1_2' title="bbox 262 519 915 594; baseline 0.002 -18"><span class='ocrx_word' id='word_1_4' title='bbox 262 519 384 576; x_wconf 84' lang='lat' dir='ltr'><strong>Scilicet¹</strong></span> <span class='ocrx_word' id='word_1_5' title='bbox 396 520 439 575; x_wconf 86' lang='lat' dir='ltr'><strong>hie</strong></span> <span class='ocrx_word' id='word_1_6' title='bbox 448 520 513 576; x_wconf 90' lang='lat' dir='ltr'><strong>olim</strong></span> <span class='ocrx_word' id='word_1_7' title='bbox 525 521 627 593; x_wconf 81' lang='lat' dir='ltr'><strong>AEquos</strong></span> <span class='ocrx_word' id='word_1_8' title='bbox 640 522 800 593; x_wconf 72' lang='lat' dir='ltr'><strong>Volscosque</strong></span> <span class='ocrx_word' id='word_1_9' title='bbox 814 524 915 594; x_wconf 75' lang='lat' dir='ltr'><strong>fugatos</strong></span> 
     </span>
     <span class='ocr_line' id='line_1_3' title="bbox 329 599 921 687; baseline 0.005 -22"><span class='ocrx_word' id='word_1_10' title='bbox 329 606 441 669; x_wconf 84' lang='lat' dir='ltr'><strong>Viderat</strong></span> <span class='ocrx_word' id='word_1_11' title='bbox 452 608 481 669; x_wconf 86' lang='lat' dir='ltr'><strong>in</strong></span> <span class='ocrx_word' id='word_1_12' title='bbox 495 616 612 686; x_wconf 76' lang='lat' dir='ltr'><strong>campie,</strong></span> <span class='ocrx_word' id='word_1_13' title='bbox 626 615 721 687; x_wconf 73' lang='lat' dir='ltr'><strong>Algida</strong></span> <span class='ocrx_word' id='word_1_14' title='bbox 733 629 818 684; x_wconf 83' lang='lat' dir='ltr'><strong>terro,</strong></span> <span class='ocrx_word' id='word_1_15' title='bbox 832 615 883 671; x_wconf 83' lang='lat' dir='ltr'><strong>tuis</strong></span> <span class='ocrx_word' id='word_1_16' title='bbox 895 637 903 681; x_wconf 89' lang='lat'><strong>;</strong></span> <span class='ocrx_word' id='word_1_17' title='bbox 917 599 921 607; x_wconf 40' lang='lat'><strong>¹</strong></span> 
     </span>
    </p>

    <p class='ocr_par' dir='ltr' id='par_1_3' title="bbox 268 708 983 875">
     <span class='ocr_line' id='line_1_4' title="bbox 268 708 930 781; baseline -0.002 -17"><span class='ocrx_word' id='word_1_18' title='bbox 268 708 349 764; x_wconf 87' lang='lat' dir='ltr'><strong>Unde</strong></span> <span class='ocrx_word' id='word_1_19' title='bbox 362 710 512 764; x_wconf 82' lang='lat' dir='ltr'><strong>suburbano</strong></span> <span class='ocrx_word' id='word_1_20' title='bbox 523 710 625 778; x_wconf 74' lang='lat' dir='ltr'><strong>danis,</strong></span> <span class='ocrx_word' id='word_1_21' title='bbox 638 711 775 779; x_wconf 84' lang='lat' dir='ltr'><strong>Tuberte,</strong></span> <span class='ocrx_word' id='word_1_22' title='bbox 793 710 930 781; x_wconf 84' lang='lat' dir='ltr'><strong>triumpho</strong></span> 
     </span>
     <span class='ocr_line' id='line_1_5' title="bbox 330 803 983 875; baseline 0 -19"><span class='ocrx_word' id='word_1_23' title='bbox 330 803 429 858; x_wconf 84' lang='lat' dir='ltr'><strong>Vectus</strong></span> <span class='ocrx_word' id='word_1_24' title='bbox 443 825 470 858; x_wconf 81' lang='lat' dir='ltr'><strong>es</strong></span> <span class='ocrx_word' id='word_1_25' title='bbox 482 804 509 858; x_wconf 91' lang='lat' dir='ltr'><strong>in</strong></span> <span class='ocrx_word' id='word_1_26' title='bbox 522 805 623 875; x_wconf 80' lang='lat' dir='ltr'><strong>niveis,</strong></span> <span class='ocrx_word' id='word_1_27' title='bbox 645 806 788 873; x_wconf 76' lang='lat' dir='ltr'><strong>Postume,</strong></span> <span class='ocrx_word' id='word_1_28' title='bbox 800 805 884 859; x_wconf 79' lang='lat' dir='ltr'><strong>victor</strong></span> <span class='ocrx_word' id='word_1_29' title='bbox 894 803 983 874; x_wconf 81' lang='lat' dir='ltr'><strong>equis:</strong></span> 
     </span>
    </p>
   </div>
   <div class='ocr_carea' id='block_1_3' title="bbox 134 989 1203 1833">
    <p class='ocr_par' dir='ltr' id='par_1_4' title="bbox 134 989 1203 1833">
     <span class='ocr_line' id='line_1_6' title="bbox 135 989 1199 1095; baseline 0.004 -31"><span class='ocrx_word' id='word_1_30' title='bbox 135 989 212 1066; x_wconf 90' lang='lat' dir='ltr'><strong>coll.</strong></span> <span class='ocrx_word' id='word_1_31' title='bbox 227 992 323 1066; x_wconf 84' lang='lat' dir='ltr'><strong>Livio</strong></span> <span class='ocrx_word' id='word_1_32' title='bbox 336 993 397 1079; x_wconf 82' lang='lat' dir='ltr'><strong>lv,</strong></span> <span class='ocrx_word' id='word_1_33' title='bbox 416 992 547 1094; x_wconf 75' lang='lat' dir='ltr'><strong>oli-29,</strong></span> <span class='ocrx_word' id='word_1_34' title='bbox 566 994 601 1066; x_wconf 91' lang='lat' dir='ltr'><strong>in</strong></span> <span class='ocrx_word' id='word_1_35' title='bbox 618 1021 670 1066; x_wconf 86' lang='lat' dir='ltr'><strong>an.</strong></span> <span class='ocrx_word' id='word_1_36' title='bbox 688 994 732 1065; x_wconf 91' lang='lat' dir='ltr'><strong>U.</strong></span> <span class='ocrx_word' id='word_1_37' title='bbox 753 991 822 1066; x_wconf 81' lang='lat'><strong>322</strong></span> <span class='ocrx_word' id='word_1_38' title='bbox 840 990 976 1078; x_wconf 79' lang='lat' dir='ltr'><strong>incidit,</strong></span> <span class='ocrx_word' id='word_1_39' title='bbox 997 991 1109 1090; x_wconf 89' lang='lat' dir='ltr'><strong>etjam</strong></span> <span class='ocrx_word' id='word_1_40' title='bbox 1128 1009 1199 1095; x_wconf 82' lang='lat' dir='ltr'><strong>tum</strong></span> 
     </span>
     <span class='ocr_line' id='line_1_7' title="bbox 134 1114 1197 1204; baseline 0 -16"><span class='ocrx_word' id='word_1_41' title='bbox 134 1115 189 1190; x_wconf 90' lang='lat' dir='ltr'><strong>hic</strong></span> <span class='ocrx_word' id='word_1_42' title='bbox 203 1143 276 1190; x_wconf 90' lang='lat' dir='ltr'><strong>mos</strong></span> <span class='ocrx_word' id='word_1_43' title='bbox 289 1116 472 1192; x_wconf 80' lang='lat' dir='ltr'><strong>obtinuisse</strong></span> <span class='ocrx_word' id='word_1_44' title='bbox 489 1117 628 1192; x_wconf 87' lang='lat' dir='ltr'><strong>videtur.</strong></span> <span class='ocrx_word' id='word_1_45' title='bbox 647 1115 805 1191; x_wconf 76' lang='lat' dir='ltr'><strong>Similiter</strong></span> <span class='ocrx_word' id='word_1_46' title='bbox 821 1116 915 1188; x_wconf 81' lang='lat' dir='ltr'><strong>int).</strong></span> <span class='ocrx_word' id='word_1_47' title='bbox 929 1115 1027 1189; x_wconf 83' lang='lat' dir='ltr'><strong>Bruti</strong></span> <span class='ocrx_word' id='word_1_48' title='bbox 1043 1114 1197 1204; x_wconf 83' lang='lat' dir='ltr'><strong>victoria,</strong></span> 
     </span>
     <span class='ocr_line' id='line_1_8' title="bbox 136 1238 1200 1340; baseline -0.001 -28"><span class='ocrx_word' id='word_1_49' title='bbox 136 1238 284 1340; x_wconf 81' lang='lat' dir='ltr'><strong>Syphace</strong></span> <span class='ocrx_word' id='word_1_50' title='bbox 295 1239 383 1313; x_wconf 87' lang='lat' dir='ltr'><strong>victo</strong></span> <span class='ocrx_word' id='word_1_51' title='bbox 399 1259 434 1314; x_wconf 84' lang='lat' dir='ltr'><strong>et</strong></span> <span class='ocrx_word' id='word_1_52' title='bbox 448 1238 538 1328; x_wconf 86' lang='lat' dir='ltr'><strong>aliis,</strong></span> <span class='ocrx_word' id='word_1_53' title='bbox 554 1239 577 1312; x_wconf 94' lang='lat' dir='ltr'><strong>l.</strong></span> <span class='ocrx_word' id='word_1_54' title='bbox 593 1238 614 1312; x_wconf 93' lang='grc' dir='ltr'><strong>Ι.</strong></span> <span class='ocrx_word' id='word_1_55' title='bbox 633 1267 661 1312; x_wconf 88' lang='lat' dir='ltr'><strong>c.</strong></span> <span class='ocrx_word' id='word_1_56' title='bbox 680 1267 707 1312; x_wconf 88' lang='lat' dir='ltr'><strong>c.</strong></span> <span class='ocrx_word' id='word_1_57' title='bbox 727 1257 760 1314; x_wconf 85' lang='lat' dir='ltr'><strong>et</strong></span> <span class='ocrx_word' id='word_1_58' title='bbox 772 1239 846 1313; x_wconf 82' lang='lat' dir='ltr'><strong>salsi</strong></span> <span class='ocrx_word' id='word_1_59' title='bbox 863 1239 966 1337; x_wconf 82' lang='lat' dir='ltr'><strong>igitur</strong></span> <span class='ocrx_word' id='word_1_60' title='bbox 979 1256 1077 1327; x_wconf 90' lang='lat' dir='ltr'><strong>sunt,</strong></span> <span class='ocrx_word' id='word_1_61' title='bbox 1096 1240 1123 1312; x_wconf 89' lang='lat' dir='ltr'><strong>si</strong></span> <span class='ocrx_word' id='word_1_62' title='bbox 1142 1239 1200 1339; x_wconf 89' lang='lat' dir='ltr'><strong>qui</strong></span> 
     </span>
     <span class='ocr_line' id='line_1_9' title="bbox 135 1362 1200 1458; baseline 0 -24"><span class='ocrx_word' id='word_1_63' title='bbox 135 1369 190 1458; x_wconf 82' lang='lat' dir='ltr'><strong>(v.</strong></span> <span class='ocrx_word' id='word_1_64' title='bbox 211 1391 238 1436; x_wconf 94' lang='lat' dir='ltr'><strong>c.</strong></span> <span class='ocrx_word' id='word_1_65' title='bbox 258 1362 404 1438; x_wconf 87' lang='lat' dir='ltr'><strong>Siccama</strong></span> <span class='ocrx_word' id='word_1_66' title='bbox 428 1363 468 1439; x_wconf 90' lang='lat' dir='ltr'><strong>de</strong></span> <span class='ocrx_word' id='word_1_67' title='bbox 490 1364 583 1438; x_wconf 84' lang='lat' dir='ltr'><strong>lastis</strong></span> <span class='ocrx_word' id='word_1_68' title='bbox 603 1363 661 1436; x_wconf 87' lang='lat' dir='ltr'><strong>Gr.</strong></span> <span class='ocrx_word' id='word_1_69' title='bbox 684 1363 816 1456; x_wconf 79' lang='lat' dir='ltr'><strong>Thes.)</strong></span> <span class='ocrx_word' id='word_1_70' title='bbox 840 1364 875 1436; x_wconf 92' lang='lat' dir='ltr'><strong>in</strong></span> <span class='ocrx_word' id='word_1_71' title='bbox 898 1363 946 1436; x_wconf 86' lang='lat' dir='ltr'><strong>M.</strong></span> <span class='ocrx_word' id='word_1_72' title='bbox 966 1362 1115 1436; x_wconf 81' lang='lat' dir='ltr'><strong>Antonio</strong></span> <span class='ocrx_word' id='word_1_73' title='bbox 1135 1362 1200 1435; x_wconf 88' lang='lat' dir='ltr'><strong>hoc</strong></span> 
     </span>
     <span class='ocr_line' id='line_1_10' title="bbox 134 1484 1203 1583; baseline 0.002 -27"><span class='ocrx_word' id='word_1_74' title='bbox 134 1485 278 1583; x_wconf 87' lang='lat' dir='ltr'><strong>primum</strong></span> <span class='ocrx_word' id='word_1_75' title='bbox 303 1484 426 1559; x_wconf 83' lang='lat' dir='ltr'><strong>lactum</strong></span> <span class='ocrx_word' id='word_1_76' title='bbox 453 1512 523 1560; x_wconf 89' lang='lat' dir='ltr'><strong>esse</strong></span> <span class='ocrx_word' id='word_1_77' title='bbox 547 1484 764 1560; x_wconf 89' lang='lat' dir='ltr'><strong>contendunt.</strong></span> <span class='ocrx_word' id='word_1_78' title='bbox 790 1486 855 1558; x_wconf 85' lang='lat' dir='ltr'><strong>llio</strong></span> <span class='ocrx_word' id='word_1_79' title='bbox 879 1485 995 1575; x_wconf 87' lang='lat' dir='ltr'><strong>euim,</strong></span> <span class='ocrx_word' id='word_1_80' title='bbox 1020 1502 1059 1559; x_wconf 92' lang='lat' dir='ltr'><strong>ut</strong></span> <span class='ocrx_word' id='word_1_81' title='bbox 1084 1485 1203 1559; x_wconf 90' lang='lat' dir='ltr'><strong>Cicero</strong></span> 
     </span>
     <span class='ocr_line' id='line_1_11' title="bbox 136 1594 1201 1711; baseline -0.001 -30"><span class='ocrx_word' id='word_1_82' title='bbox 136 1606 287 1710; x_wconf 84' lang='lat' dir='ltr'><strong>(Philip.</strong></span> <span class='ocrx_word' id='word_1_83' title='bbox 307 1612 363 1696; x_wconf 82' lang='lat' dir='ltr'><strong>ll,</strong></span> <span class='ocrx_word' id='word_1_84' title='bbox 384 1607 461 1700; x_wconf 79' lang='grc'><strong>34)</strong></span> <span class='ocrx_word' id='word_1_85' title='bbox 480 1594 666 1708; x_wconf 86' lang='lat' dir='ltr'><strong>eiobjicit‚</strong></span> <span class='ocrx_word' id='word_1_86' title='bbox 688 1609 724 1682; x_wconf 93' lang='lat' dir='ltr'><strong>in</strong></span> <span class='ocrx_word' id='word_1_87' title='bbox 747 1608 840 1684; x_wconf 83' lang='lat' dir='ltr'><strong>fastis</strong></span> <span class='ocrx_word' id='word_1_88' title='bbox 862 1608 903 1683; x_wconf 93' lang='lat' dir='ltr'><strong>ad</strong></span> <span class='ocrx_word' id='word_1_89' title='bbox 924 1607 1117 1711; x_wconf 85' lang='lat' dir='ltr'><strong>Lupercalia</strong></span> <span class='ocrx_word' id='word_1_90' title='bbox 1141 1607 1201 1681; x_wconf 90' lang='lat' dir='ltr'><strong>ad-</strong></span> 
     </span>
     <span class='ocr_line' id='line_1_12' title="bbox 136 1721 1202 1833; baseline -0.001 -29"><span class='ocrx_word' id='word_1_91' title='bbox 136 1730 238 1804; x_wconf 87' lang='lat' dir='ltr'><strong>scribi</strong></span> <span class='ocrx_word' id='word_1_92' title='bbox 251 1731 409 1829; x_wconf 88' lang='lat' dir='ltr'><strong>jusserat:</strong></span> <span class='ocrx_word' id='word_1_93' title='bbox 425 1727 464 1803; x_wconf 86' lang='lat' dir='ltr'><strong>C.</strong></span> <span class='ocrx_word' id='word_1_94' title='bbox 481 1727 614 1815; x_wconf 82' lang='lat' dir='ltr'><strong>Caeson&#39;,</strong></span> <span class='ocrx_word' id='word_1_95' title='bbox 629 1721 773 1805; x_wconf 81' lang='lat' dir='ltr'><strong>dictuton&#39;</strong></span> <span class='ocrx_word' id='word_1_96' title='bbox 779 1746 941 1833; x_wconf 85' lang='lat' dir='ltr'><strong>perpetuo,</strong></span> <span class='ocrx_word' id='word_1_97' title='bbox 961 1730 1013 1805; x_wconf 86' lang='lat' dir='ltr'><strong>M.</strong></span> <span class='ocrx_word' id='word_1_98' title='bbox 1025 1731 1202 1805; x_wconf 82' lang='lat' dir='ltr'><strong>Antonium</strong></span> 
     </span>
    </p>
   </div>
   <div class='ocr_carea' id='block_1_4' title="bbox 137 1852 1204 2080">
    <p class='ocr_par' dir='ltr' id='par_1_5' title="bbox 137 1852 1204 2080">
     <span class='ocr_line' id='line_1_13' title="bbox 137 1852 1204 1959; baseline 0 -31"><span class='ocrx_word' id='word_1_99' title='bbox 137 1856 286 1929; x_wconf 80' lang='lat' dir='ltr'><strong>consulem</strong></span> <span class='ocrx_word' id='word_1_100' title='bbox 288 1856 399 1956; x_wconf 72' lang='lat' dir='ltr'><strong>popula</strong></span> <span class='ocrx_word' id='word_1_101' title='bbox 401 1882 510 1959; x_wconf 73' lang='lat' dir='ltr'><strong>passu,</strong></span> <span class='ocrx_word' id='word_1_102' title='bbox 528 1882 650 1956; x_wconf 72' lang='lat' dir='ltr'><strong>regnum</strong></span> <span class='ocrx_word' id='word_1_103' title='bbox 659 1852 816 1941; x_wconf 81' lang='lat' dir='ltr'><strong>detulisse,</strong></span> <span class='ocrx_word' id='word_1_104' title='bbox 834 1856 986 1928; x_wconf 81' lang='lat' dir='ltr'><strong>Casorem</strong></span> <span class='ocrx_word' id='word_1_105' title='bbox 999 1855 1204 1939; x_wconf 73' lang='lat' dir='ltr'><strong>ntr&#39;noluiss‘e5</strong></span> 
     </span>
     <span class='ocr_line' id='line_1_14' title="bbox 138 1976 1201 2080; baseline 0.001 -30"><span class='ocrx_word' id='word_1_106' title='bbox 138 1978 196 2078; x_wconf 90' lang='lat' dir='ltr'><strong>qui</strong></span> <span class='ocrx_word' id='word_1_107' title='bbox 213 1978 307 2053; x_wconf 90' lang='lat' dir='ltr'><strong>locus</strong></span> <span class='ocrx_word' id='word_1_108' title='bbox 319 2007 411 2080; x_wconf 75' lang='lat' dir='ltr'><strong>aeque</strong></span> <span class='ocrx_word' id='word_1_109' title='bbox 426 2007 464 2053; x_wconf 88' lang='lat' dir='ltr'><strong>ac</strong></span> <span class='ocrx_word' id='word_1_110' title='bbox 482 1977 551 2052; x_wconf 87' lang='lat' dir='ltr'><strong>Cic.</strong></span> <span class='ocrx_word' id='word_1_111' title='bbox 570 1976 612 2052; x_wconf 90' lang='lat' dir='ltr'><strong>ad</strong></span> <span class='ocrx_word' id='word_1_112' title='bbox 624 1978 767 2051; x_wconf 83' lang='lat' dir='ltr'><strong>Brutum</strong></span> <span class='ocrx_word' id='word_1_113' title='bbox 784 1977 845 2050; x_wconf 92' lang='lat'><strong>15:</strong></span> <span class='ocrx_word' id='word_1_114' title='bbox 860 2011 877 2042; x_wconf 92' lang='lat'>«</span> <span class='ocrx_word' id='word_1_115' title='bbox 894 1979 968 2072; x_wconf 81' lang='lat' dir='ltr'><strong>Ego</strong></span> <span class='ocrx_word' id='word_1_116' title='bbox 979 1976 1083 2050; x_wconf 86' lang='lat' dir='ltr'><strong>Decio</strong></span> <span class='ocrx_word' id='word_1_117' title='bbox 1094 1976 1201 2051; x_wconf 91' lang='lat' dir='ltr'><strong>Bruto</strong></span> 
     </span>
    </p>
   </div>
   <div class='ocr_carea' id='block_1_5' title="bbox 140 2100 1202 2207">
    <p class='ocr_par' dir='ltr' id='par_1_6' title="bbox 140 2100 1202 2207">
     <span class='ocr_line' id='line_1_15' title="bbox 140 2100 1202 2207; baseline 0.003 -33"><span class='ocrx_word' id='word_1_118' title='bbox 140 2135 158 2166; x_wconf 74' lang='lat' dir='ltr'><strong>o</strong></span> <span class='ocrx_word' id='word_1_119' title='bbox 178 2101 339 2194; x_wconf 86' lang='lat' dir='ltr'><strong>liberato,</strong></span> <span class='ocrx_word' id='word_1_120' title='bbox 359 2133 461 2207; x_wconf 89' lang='lat' dir='ltr'><strong>quum</strong></span> <span class='ocrx_word' id='word_1_121' title='bbox 472 2102 661 2179; x_wconf 78' lang='lat' dir='ltr'><strong>latissimus</strong></span> <span class='ocrx_word' id='word_1_122' title='bbox 674 2101 730 2176; x_wconf 89' lang='lat' dir='ltr'><strong>ille</strong></span> <span class='ocrx_word' id='word_1_123' title='bbox 743 2102 866 2177; x_wconf 87' lang='lat' dir='ltr'><strong>civitati</strong></span> <span class='ocrx_word' id='word_1_124' title='bbox 881 2101 951 2177; x_wconf 92' lang='lat' dir='ltr'><strong>dies</strong></span> <span class='ocrx_word' id='word_1_125' title='bbox 959 2100 1135 2189; x_wconf 82' lang='lat' dir='ltr'><strong>illuxisset,</strong></span> <span class='ocrx_word' id='word_1_126' title='bbox 1146 2102 1202 2177; x_wconf 91' lang='lat' dir='ltr'><strong>de-</strong></span> 
     </span>
    </p>
   </div>
   <div class='ocr_carea' id='block_1_6' title="bbox 136 2225 1205 2935">
    <p class='ocr_par' dir='ltr' id='par_1_7' title="bbox 136 2225 1205 2935">
     <span class='ocr_line' id='line_1_16' title="bbox 141 2225 1202 2325; baseline -0.001 -27"><span class='ocrx_word' id='word_1_127' title='bbox 141 2261 158 2290; x_wconf 89' lang='lat'>»</span> <span class='ocrx_word' id='word_1_128' title='bbox 179 2228 284 2316; x_wconf 90' lang='lat' dir='ltr'><strong>crevi,</strong></span> <span class='ocrx_word' id='word_1_129' title='bbox 301 2245 341 2303; x_wconf 86' lang='lat' dir='ltr'><strong>ut</strong></span> <span class='ocrx_word' id='word_1_130' title='bbox 355 2228 390 2301; x_wconf 92' lang='lat' dir='ltr'><strong>in</strong></span> <span class='ocrx_word' id='word_1_131' title='bbox 407 2228 501 2303; x_wconf 87' lang='lat' dir='ltr'><strong>lastis</strong></span> <span class='ocrx_word' id='word_1_132' title='bbox 519 2227 563 2302; x_wconf 85' lang='lat' dir='ltr'><strong>ad</strong></span> <span class='ocrx_word' id='word_1_133' title='bbox 584 2255 660 2301; x_wconf 89' lang='lat' dir='ltr'><strong>eum</strong></span> <span class='ocrx_word' id='word_1_134' title='bbox 680 2226 766 2300; x_wconf 91' lang='lat' dir='ltr'><strong>diem</strong></span> <span class='ocrx_word' id='word_1_135' title='bbox 782 2226 880 2299; x_wconf 84' lang='lat' dir='ltr'><strong>Bruti</strong></span> <span class='ocrx_word' id='word_1_136' title='bbox 897 2254 1019 2300; x_wconf 90' lang='lat' dir='ltr'><strong>nomeu</strong></span> <span class='ocrx_word' id='word_1_137' title='bbox 1036 2225 1202 2325; x_wconf 82' lang='lat' dir='ltr'><strong>adscribe-</strong></span> 
     </span>
     <span class='ocr_line' id='line_1_17' title="bbox 139 2348 1085 2449; baseline -0.001 -28"><span class='ocrx_word' id='word_1_138' title='bbox 139 2384 157 2413; x_wconf 84' lang='lat'>»</span> <span class='ocrx_word' id='word_1_139' title='bbox 177 2367 270 2422; x_wconf 87' lang='lat' dir='ltr'><strong>retur</strong></span> <span class='ocrx_word' id='word_1_140' title='bbox 287 2382 304 2413; x_wconf 83' lang='lat'>»</span> <span class='ocrx_word' id='word_1_141' title='bbox 322 2349 364 2421; x_wconf 88' lang='lat' dir='ltr'><strong>ad</strong></span> <span class='ocrx_word' id='word_1_142' title='bbox 382 2349 486 2424; x_wconf 82' lang='lat' dir='ltr'><strong>fastos</strong></span> <span class='ocrx_word' id='word_1_143' title='bbox 502 2348 691 2425; x_wconf 75' lang='lat' dir='ltr'><strong>kalendares</strong></span> <span class='ocrx_word' id='word_1_144' title='bbox 706 2349 796 2422; x_wconf 87' lang='lat' dir='ltr'><strong>haud</strong></span> <span class='ocrx_word' id='word_1_145' title='bbox 814 2348 914 2423; x_wconf 86' lang='lat' dir='ltr'><strong>dubie</strong></span> <span class='ocrx_word' id='word_1_146' title='bbox 932 2348 1085 2449; x_wconf 89' lang='lat' dir='ltr'><strong>pertinet.</strong></span> 
     </span>
     <span class='ocr_line' id='line_1_18' title="bbox 188 2469 1205 2567; baseline 0.001 -25"><span class='ocrx_word' id='word_1_147' title='bbox 188 2469 292 2565; x_wconf 81' lang='lat' dir='ltr'><strong>Quod</strong></span> <span class='ocrx_word' id='word_1_148' title='bbox 306 2472 334 2544; x_wconf 89' lang='lat' dir='ltr'><strong>si</strong></span> <span class='ocrx_word' id='word_1_149' title='bbox 346 2499 423 2545; x_wconf 83' lang='lat' dir='ltr'><strong>vero</strong></span> <span class='ocrx_word' id='word_1_150' title='bbox 435 2471 471 2543; x_wconf 90' lang='lat' dir='ltr'><strong>in</strong></span> <span class='ocrx_word' id='word_1_151' title='bbox 485 2471 558 2547; x_wconf 89' lang='lat' dir='ltr'><strong>aliis</strong></span> <span class='ocrx_word' id='word_1_152' title='bbox 571 2472 667 2548; x_wconf 84' lang='lat' dir='ltr'><strong>lastis</strong></span> <span class='ocrx_word' id='word_1_153' title='bbox 679 2470 759 2547; x_wconf 85' lang='lat' dir='ltr'><strong>alias</strong></span> <span class='ocrx_word' id='word_1_154' title='bbox 776 2499 827 2546; x_wconf 87' lang='lat' dir='ltr'><strong>res</strong></span> <span class='ocrx_word' id='word_1_155' title='bbox 843 2489 950 2567; x_wconf 82' lang='lat' dir='ltr'><strong>gestas</strong></span> <span class='ocrx_word' id='word_1_156' title='bbox 966 2487 1139 2545; x_wconf 81' lang='lat' dir='ltr'><strong>annotatas</strong></span> <span class='ocrx_word' id='word_1_157' title='bbox 1151 2499 1205 2544; x_wconf 87' lang='lat' dir='ltr'><strong>re-</strong></span> 
     </span>
     <span class='ocr_line' id='line_1_19' title="bbox 136 2591 1204 2696; baseline 0.002 -31"><span class='ocrx_word' id='word_1_158' title='bbox 136 2591 451 2694; x_wconf 87' lang='lat' dir='ltr'><strong>perimus,diversas</strong></span> <span class='ocrx_word' id='word_1_159' title='bbox 462 2592 599 2669; x_wconf 85' lang='lat' dir='ltr'><strong>diversis</strong></span> <span class='ocrx_word' id='word_1_160' title='bbox 607 2594 831 2696; x_wconf 89' lang='lat' dir='ltr'><strong>temporibus,</strong></span> <span class='ocrx_word' id='word_1_161' title='bbox 843 2623 881 2667; x_wconf 83' lang='lat' dir='ltr'><strong>ex</strong></span> <span class='ocrx_word' id='word_1_162' title='bbox 891 2594 1034 2692; x_wconf 85' lang='lat' dir='ltr'><strong>cujusvis</strong></span> <span class='ocrx_word' id='word_1_163' title='bbox 1044 2593 1204 2693; x_wconf 84' lang='lat' dir='ltr'><strong>temporis</strong></span> 
     </span>
     <span class='ocr_line' id='line_1_20' title="bbox 137 2716 1201 2821; baseline -0.002 -30"><span class='ocrx_word' id='word_1_164' title='bbox 137 2716 327 2791; x_wconf 82' lang='lat' dir='ltr'><strong>adulatione</strong></span> <span class='ocrx_word' id='word_1_165' title='bbox 343 2716 522 2818; x_wconf 90' lang='lat' dir='ltr'><strong>petendum</strong></span> <span class='ocrx_word' id='word_1_166' title='bbox 537 2735 606 2808; x_wconf 85' lang='lat' dir='ltr'><strong>est,</strong></span> <span class='ocrx_word' id='word_1_167' title='bbox 624 2748 698 2821; x_wconf 81' lang='lat' dir='ltr'><strong>quae</strong></span> <span class='ocrx_word' id='word_1_168' title='bbox 713 2719 947 2820; x_wconf 87' lang='lat' dir='ltr'><strong>imperatorum</strong></span> <span class='ocrx_word' id='word_1_169' title='bbox 963 2717 1145 2819; x_wconf 78' lang='lat' dir='ltr'><strong>presertim</strong></span> <span class='ocrx_word' id='word_1_170' title='bbox 1167 2733 1201 2792; x_wconf 86' lang='lat' dir='ltr'><strong>et</strong></span> 
     </span>
     <span class='ocr_line' id='line_1_21' title="bbox 138 2838 1201 2935; baseline 0 -24"><span class='ocrx_word' id='word_1_171' title='bbox 138 2839 285 2916; x_wconf 87' lang='lat' dir='ltr'><strong>virorum</strong></span> <span class='ocrx_word' id='word_1_172' title='bbox 300 2838 477 2914; x_wconf 89' lang='lat' dir='ltr'><strong>illustrium</strong></span> <span class='ocrx_word' id='word_1_173' title='bbox 491 2867 543 2914; x_wconf 86' lang='lat' dir='ltr'><strong>res</strong></span> <span class='ocrx_word' id='word_1_174' title='bbox 560 2857 667 2935; x_wconf 78' lang='lat' dir='ltr'><strong>gestas</strong></span> <span class='ocrx_word' id='word_1_175' title='bbox 679 2842 726 2915; x_wconf 86' lang='lat' dir='ltr'><strong>ita</strong></span> <span class='ocrx_word' id='word_1_176' title='bbox 742 2841 907 2917; x_wconf 77' lang='lat' dir='ltr'><strong>memorie</strong></span> <span class='ocrx_word' id='word_1_177' title='bbox 919 2841 1073 2916; x_wconf 88' lang='lat' dir='ltr'><strong>mandare</strong></span> <span class='ocrx_word' id='word_1_178' title='bbox 1086 2839 1201 2914; x_wconf 84' lang='lat' dir='ltr'><strong>voluit.</strong></span> 
     </span>
    </p>
   </div>
   <div class='ocr_carea' id='block_1_7' title="bbox 138 3061 1204 3915">
    <p class='ocr_par' dir='ltr' id='par_1_8' title="bbox 138 3061 1204 3915">
     <span class='ocr_line' id='line_1_22' title="bbox 174 3061 1203 3134; baseline -0.002 -19"><span class='ocrx_word' id='word_1_179' title='bbox 174 3067 181 3094; x_wconf 89' lang='lat'><em>¹</em></span> <span class='ocrx_word' id='word_1_180' title='bbox 199 3065 305 3126; x_wconf 74' lang='lat' dir='ltr'><strong>Scilicet,</strong></span> <span class='ocrx_word' id='word_1_181' title='bbox 315 3061 440 3134; x_wconf 87' lang='lat' dir='ltr'><strong>particula</strong></span> <span class='ocrx_word' id='word_1_182' title='bbox 448 3061 648 3129; x_wconf 79' lang='lat' dir='ltr'><strong>transitoria,et</strong></span> <span class='ocrx_word' id='word_1_183' title='bbox 695 3065 782 3119; x_wconf 86' lang='lat' dir='ltr'><strong>nullos</strong></span> <span class='ocrx_word' id='word_1_184' title='bbox 802 3064 927 3118; x_wconf 83' lang='lat' dir='ltr'><strong>dubitavi.</strong></span> <span class='ocrx_word' id='word_1_185' title='bbox 948 3063 1095 3133; x_wconf 80' lang='lat' dir='ltr'><strong>Analogam</strong></span> <span class='ocrx_word' id='word_1_186' title='bbox 1114 3072 1203 3114; x_wconf 83' lang='lat' dir='ltr'><strong>autem</strong></span> 
     </span>
     <span class='ocr_line' id='line_1_23' title="bbox 139 3137 1204 3212; baseline -0.002 -20"><span class='ocrx_word' id='word_1_187' title='bbox 139 3140 648 3212; x_wconf 69' lang='lat' dir='ltr'><strong>digitoqeinteudensadsequeutia,ut</strong></span> <span class='ocrx_word' id='word_1_188' title='bbox 695 3144 807 3196; x_wconf 89' lang='lat' dir='ltr'><strong>arbitror</strong></span> <span class='ocrx_word' id='word_1_189' title='bbox 816 3143 877 3195; x_wconf 89' lang='lat' dir='ltr'><strong>huic</strong></span> <span class='ocrx_word' id='word_1_190' title='bbox 886 3141 1016 3211; x_wconf 72' lang='lat' dir='ltr'><strong>particule</strong></span> <span class='ocrx_word' id='word_1_191' title='bbox 1025 3137 1112 3208; x_wconf 90' lang='lat' dir='ltr'><strong>quoad</strong></span> <span class='ocrx_word' id='word_1_192' title='bbox 1121 3137 1204 3206; x_wconf 77' lang='lat' dir='ltr'><strong>signi-</strong></span> 
     </span>
     <span class='ocr_line' id='line_1_24' title="bbox 138 3214 1204 3288; baseline -0.005 -15"><span class='ocrx_word' id='word_1_193' title='bbox 138 3239 210 3279; x_wconf 85' lang='lat' dir='ltr'><strong>ecce,</strong></span> <span class='ocrx_word' id='word_1_194' title='bbox 226 3218 413 3287; x_wconf 78' lang='lat' dir='ltr'><strong>significatione</strong></span> <span class='ocrx_word' id='word_1_195' title='bbox 426 3230 504 3273; x_wconf 84' lang='lat' dir='ltr'><strong>antea</strong></span> <span class='ocrx_word' id='word_1_196' title='bbox 513 3218 648 3288; x_wconf 75' lang='lat' dir='ltr'><strong>neglecta,</strong></span> <span class='ocrx_word' id='word_1_197' title='bbox 695 3219 849 3273; x_wconf 86' lang='lat' dir='ltr'><strong>licationum</strong></span> <span class='ocrx_word' id='word_1_198' title='bbox 861 3219 1017 3277; x_wconf 77' lang='lat' dir='ltr'><strong>transitum,</strong></span> <span class='ocrx_word' id='word_1_199' title='bbox 1036 3217 1080 3284; x_wconf 83' lang='lat' dir='ltr'><strong>qui</strong></span> <span class='ocrx_word' id='word_1_200' title='bbox 1092 3214 1204 3269; x_wconf 81' lang='lat' dir='ltr'><strong>cerleio</strong></span> 
     </span>
     <span class='ocr_line' id='line_1_25' title="bbox 139 3294 1204 3367; baseline -0.004 -17"><span class='ocrx_word' id='word_1_201' title='bbox 139 3297 184 3350; x_wconf 84' lang='lat' dir='ltr'><strong>sed</strong></span> <span class='ocrx_word' id='word_1_202' title='bbox 198 3314 255 3366; x_wconf 80' lang='lat' dir='ltr'><strong>quae</strong></span> <span class='ocrx_word' id='word_1_203' title='bbox 266 3295 322 3349; x_wconf 83' lang='lat' dir='ltr'><strong>sine</strong></span> <span class='ocrx_word' id='word_1_204' title='bbox 335 3295 415 3348; x_wconf 86' lang='lat' dir='ltr'><strong>dubio</strong></span> <span class='ocrx_word' id='word_1_205' title='bbox 423 3298 508 3367; x_wconf 83' lang='lat' dir='ltr'><strong>prima</strong></span> <span class='ocrx_word' id='word_1_206' title='bbox 518 3308 558 3351; x_wconf 85' lang='lat' dir='ltr'><strong>est</strong></span> <span class='ocrx_word' id='word_1_207' title='bbox 568 3297 647 3364; x_wconf 70' lang='lat' dir='ltr'><strong>hujus</strong></span> <span class='ocrx_word' id='word_1_208' title='bbox 694 3308 805 3366; x_wconf 79' lang='lat' dir='ltr'><strong>utraque</strong></span> <span class='ocrx_word' id='word_1_209' title='bbox 818 3316 880 3348; x_wconf 79' lang='lat' dir='ltr'><strong>voce</strong></span> <span class='ocrx_word' id='word_1_210' title='bbox 892 3296 959 3348; x_wconf 91' lang='lat' dir='ltr'><strong>bene</strong></span> <span class='ocrx_word' id='word_1_211' title='bbox 967 3314 993 3347; x_wconf 82' lang='lat' dir='ltr'><strong>se</strong></span> <span class='ocrx_word' id='word_1_212' title='bbox 1003 3294 1127 3360; x_wconf 82' lang='lat' dir='ltr'><strong>illustrat,</strong></span> <span class='ocrx_word' id='word_1_213' title='bbox 1136 3312 1204 3363; x_wconf 73' lang='lat' dir='ltr'><strong>gre-</strong></span> 
     </span>
     <span class='ocr_line' id='line_1_26' title="bbox 140 3370 1204 3445; baseline 0.002 -20"><span class='ocrx_word' id='word_1_214' title='bbox 140 3375 228 3442; x_wconf 84' lang='lat' dir='ltr'><strong>vocis‚</strong></span> <span class='ocrx_word' id='word_1_215' title='bbox 249 3373 320 3427; x_wconf 89' lang='lat' dir='ltr'><strong>unde</strong></span> <span class='ocrx_word' id='word_1_216' title='bbox 337 3383 436 3429; x_wconf 76' lang='lat' dir='ltr'><strong>caeterae</strong></span> <span class='ocrx_word' id='word_1_217' title='bbox 455 3375 565 3429; x_wconf 88' lang='lat' dir='ltr'><strong>demum</strong></span> <span class='ocrx_word' id='word_1_218' title='bbox 583 3393 648 3445; x_wconf 87' lang='lat' dir='ltr'><strong>pro-</strong></span> <span class='ocrx_word' id='word_1_219' title='bbox 694 3393 752 3428; x_wconf 87' lang='lat' dir='ltr'><strong>ram</strong></span> <span class='ocrx_word' id='word_1_220' title='bbox 774 3372 927 3444; x_wconf 81' lang='lat' dir='ltr'><strong>particulam</strong></span> <span class='ocrx_word' id='word_1_221' title='bbox 950 3376 970 3434; x_wconf 75' lang='grc' dir='ltr'><strong>ἱ.</strong></span> <span class='ocrx_word' id='word_1_222' title='bbox 993 3370 1204 3441; x_wconf 76' lang='lat' dir='ltr'><strong>Significationes</strong></span> 
     </span>
     <span class='ocr_line' id='line_1_27' title="bbox 139 3447 1204 3525; baseline -0.007 -17"><span class='ocrx_word' id='word_1_223' title='bbox 139 3455 241 3522; x_wconf 90' lang='lat' dir='ltr'><strong>lluunt,</strong></span> <span class='ocrx_word' id='word_1_224' title='bbox 255 3473 335 3525; x_wconf 87' lang='lat' dir='ltr'><strong>quam</strong></span> <span class='ocrx_word' id='word_1_225' title='bbox 342 3453 484 3510; x_wconf 78' lang='lat' dir='ltr'><strong>vindicarit</strong></span> <span class='ocrx_word' id='word_1_226' title='bbox 493 3455 531 3509; x_wconf 92' lang='lat' dir='ltr'><strong>lll.</strong></span> <span class='ocrx_word' id='word_1_227' title='bbox 539 3456 647 3510; x_wconf 80' lang='lat' dir='ltr'><strong>Vossius</strong></span> <span class='ocrx_word' id='word_1_228' title='bbox 695 3453 829 3519; x_wconf 82' lang='lat' dir='ltr'><strong>utriusque</strong></span> <span class='ocrx_word' id='word_1_229' title='bbox 844 3451 912 3503; x_wconf 74' lang='lat' dir='ltr'><strong>rocio</strong></span> <span class='ocrx_word' id='word_1_230' title='bbox 930 3449 965 3503; x_wconf 80' lang='lat' dir='ltr'><strong>ita</strong></span> <span class='ocrx_word' id='word_1_231' title='bbox 980 3468 1008 3501; x_wconf 83' lang='lat' dir='ltr'><strong>se</strong></span> <span class='ocrx_word' id='word_1_232' title='bbox 1023 3447 1140 3516; x_wconf 83' lang='lat' dir='ltr'><strong>excipere</strong></span> <span class='ocrx_word' id='word_1_233' title='bbox 1157 3447 1204 3501; x_wconf 83' lang='lat' dir='ltr'><strong>vi-</strong></span> 
     </span>
     <span class='ocr_line' id='line_1_28' title="bbox 139 3525 1204 3602; baseline -0.006 -17"><span class='ocrx_word' id='word_1_234' title='bbox 139 3533 171 3585; x_wconf 86' lang='lat' dir='ltr'><strong>ad</strong></span> <span class='ocrx_word' id='word_1_235' title='bbox 182 3533 279 3602; x_wconf 82' lang='lat' dir='ltr'><strong>Georg.</strong></span> <span class='ocrx_word' id='word_1_236' title='bbox 288 3554 313 3602; x_wconf 92' lang='lat' dir='ltr'><strong>p.</strong></span> <span class='ocrx_word' id='word_1_237' title='bbox 327 3532 388 3599; x_wconf 77' lang='lat'><strong>136,</strong></span> <span class='ocrx_word' id='word_1_238' title='bbox 400 3552 428 3585; x_wconf 92' lang='lat' dir='ltr'><strong>n.</strong></span> <span class='ocrx_word' id='word_1_239' title='bbox 437 3531 499 3585; x_wconf 90' lang='lat' dir='ltr'><strong>edit.</strong></span> <span class='ocrx_word' id='word_1_240' title='bbox 510 3532 581 3602; x_wconf 80' lang='lat' dir='ltr'><strong>(vid.</strong></span> <span class='ocrx_word' id='word_1_241' title='bbox 591 3533 647 3588; x_wconf 85' lang='lat' dir='ltr'><strong>loca</strong></span> <span class='ocrx_word' id='word_1_242' title='bbox 695 3530 807 3583; x_wconf 87' lang='lat' dir='ltr'><strong>dentur:</strong></span> <span class='ocrx_word' id='word_1_243' title='bbox 819 3526 979 3596; x_wconf 64' lang='lat' dir='ltr'><strong>imolato,</strong></span> <span class='ocrx_word' id='word_1_244' title='bbox 993 3547 1094 3580; x_wconf 82' lang='lat' dir='ltr'><strong>revera.</strong></span> <span class='ocrx_word' id='word_1_245' title='bbox 1107 3525 1204 3581; x_wconf 81' lang='lat' dir='ltr'><strong>ltascr‘·</strong></span> 
     </span>
     <span class='ocr_line' id='line_1_29' title="bbox 138 3605 1203 3680; baseline -0.007 -15"><span class='ocrx_word' id='word_1_246' title='bbox 138 3612 173 3665; x_wconf 85' lang='lat' dir='ltr'><strong>ibi</strong></span> <span class='ocrx_word' id='word_1_247' title='bbox 186 3609 308 3676; x_wconf 78' lang='lat' dir='ltr'><strong>laudata)</strong></span> <span class='ocrx_word' id='word_1_248' title='bbox 320 3631 326 3673; x_wconf 92' lang='lat'><strong>;</strong></span> <span class='ocrx_word' id='word_1_249' title='bbox 338 3610 435 3680; x_wconf 73' lang='lat' dir='ltr'><strong>Georg.</strong></span> <span class='ocrx_word' id='word_1_250' title='bbox 445 3610 475 3676; x_wconf 83' lang='lat' dir='ltr'><strong>l,</strong></span> <span class='ocrx_word' id='word_1_251' title='bbox 488 3612 533 3663; x_wconf 79' lang='lat'><strong>281</strong></span> <span class='ocrx_word' id='word_1_252' title='bbox 547 3631 578 3677; x_wconf 68' lang='lat' dir='ltr'><strong>‚a</strong></span> <span class='ocrx_word' id='word_1_253' title='bbox 592 3611 648 3663; x_wconf 84' lang='lat' dir='ltr'><strong>Ter</strong></span> <span class='ocrx_word' id='word_1_254' title='bbox 694 3613 757 3662; x_wconf 76' lang='lat' dir='ltr'><strong>ticet</strong></span> <span class='ocrx_word' id='word_1_255' title='bbox 769 3626 837 3677; x_wconf 78' lang='lat' dir='ltr'><strong>saepe</strong></span> <span class='ocrx_word' id='word_1_256' title='bbox 852 3605 921 3676; x_wconf 82' lang='lat' dir='ltr'><strong>apud</strong></span> <span class='ocrx_word' id='word_1_257' title='bbox 930 3606 1040 3660; x_wconf 85' lang='lat' dir='ltr'><strong>Terent.</strong></span> <span class='ocrx_word' id='word_1_258' title='bbox 1053 3605 1162 3658; x_wconf 75' lang='lat' dir='ltr'><strong>Phoron.</strong></span> <span class='ocrx_word' id='word_1_259' title='bbox 1174 3605 1203 3671; x_wconf 83' lang='lat' dir='ltr'><strong>l,</strong></span> 
     </span>
     <span class='ocr_line' id='line_1_30' title="bbox 139 3683 1202 3756; baseline -0.007 -14"><span class='ocrx_word' id='word_1_260' title='bbox 139 3713 153 3738; x_wconf 78' lang='lat' dir='ltr'><strong>u</strong></span> <span class='ocrx_word' id='word_1_261' title='bbox 166 3689 319 3742; x_wconf 87' lang='lat' dir='ltr'><strong>suntconati</strong></span> <span class='ocrx_word' id='word_1_262' title='bbox 327 3689 463 3756; x_wconf 85' lang='lat' dir='ltr'><strong>imponere</strong></span> <span class='ocrx_word' id='word_1_263' title='bbox 471 3688 544 3741; x_wconf 87' lang='lat' dir='ltr'><strong>Pelio</strong></span> <span class='ocrx_word' id='word_1_264' title='bbox 552 3686 648 3742; x_wconf 71' lang='lat' dir='ltr'><strong>Ossam</strong></span> <span class='ocrx_word' id='word_1_265' title='bbox 696 3703 735 3752; x_wconf 81' lang='lat'><strong>11,</strong></span> <span class='ocrx_word' id='word_1_266' title='bbox 750 3689 798 3750; x_wconf 76' lang='lat'><strong>823</strong></span> <span class='ocrx_word' id='word_1_267' title='bbox 817 3683 930 3755; x_wconf 81' lang='lat' dir='ltr'><strong>Adelph.</strong></span> <span class='ocrx_word' id='word_1_268' title='bbox 947 3686 997 3750; x_wconf 84' lang='lat' dir='ltr'><strong>lV,</strong></span> <span class='ocrx_word' id='word_1_269' title='bbox 1013 3685 1131 3749; x_wconf 80' lang='lat' dir='ltr'>v11,33,</span> <span class='ocrx_word' id='word_1_270' title='bbox 1146 3694 1173 3735; x_wconf 93' lang='lat' dir='ltr'><strong>et</strong></span> <span class='ocrx_word' id='word_1_271' title='bbox 1189 3686 1202 3742; x_wconf 75' lang='grc' dir='ltr'><em>ἦ</em></span> 
     </span>
     <span class='ocr_line' id='line_1_31' title="bbox 139 3760 1204 3834; baseline -0.007 -15"><span class='ocrx_word' id='word_1_272' title='bbox 139 3790 154 3814; x_wconf 72' lang='grc' dir='ltr'><strong>ιι</strong></span> <span class='ocrx_word' id='word_1_273' title='bbox 166 3769 270 3819; x_wconf 77' lang='lat' dir='ltr'><strong>Scilicet</strong></span> <span class='ocrx_word' id='word_1_274' title='bbox 278 3806 284 3826; x_wconf 85' lang='lat'>‚</span> <span class='ocrx_word' id='word_1_275' title='bbox 305 3775 382 3834; x_wconf 80' lang='lat' dir='ltr'><strong>atque</strong></span> <span class='ocrx_word' id='word_1_276' title='bbox 403 3764 477 3820; x_wconf 68' lang='lat' dir='ltr'><strong>Osse</strong></span> <span class='ocrx_word' id='word_1_277' title='bbox 491 3763 648 3818; x_wconf 78' lang='lat' dir='ltr'><strong>frondosum</strong></span> <span class='ocrx_word' id='word_1_278' title='bbox 695 3782 799 3833; x_wconf 84' lang='lat' dir='ltr'><strong>semper</strong></span> <span class='ocrx_word' id='word_1_279' title='bbox 811 3763 878 3832; x_wconf 79' lang='lat' dir='ltr'><strong>apud</strong></span> <span class='ocrx_word' id='word_1_280' title='bbox 894 3763 1053 3817; x_wconf 85' lang='lat' dir='ltr'><strong>Homerum.</strong></span> <span class='ocrx_word' id='word_1_281' title='bbox 1065 3760 1204 3815; x_wconf 87' lang='lat' dir='ltr'><strong>Interdum</strong></span> 
     </span>
     <span class='ocr_line' id='line_1_32' title="bbox 140 3839 1204 3915; baseline -0.002 -23"><span class='ocrx_word' id='word_1_282' title='bbox 140 3844 301 3897; x_wconf 80' lang='lat' dir='ltr'><strong>»involvere</strong></span> <span class='ocrx_word' id='word_1_283' title='bbox 319 3841 465 3915; x_wconf 79' lang='lat' dir='ltr'><strong>Olympum</strong></span> <span class='ocrx_word' id='word_1_284' title='bbox 479 3864 486 3909; x_wconf 83' lang='lat'><strong>;</strong></span> <span class='ocrx_word' id='word_1_285' title='bbox 503 3865 516 3889; x_wconf 76' lang='lat' dir='ltr'><strong>o</strong></span> <span class='ocrx_word' id='word_1_286' title='bbox 532 3842 562 3909; x_wconf 84' lang='lat' dir='ltr'><strong>l,</strong></span> <span class='ocrx_word' id='word_1_287' title='bbox 581 3845 646 3915; x_wconf 74' lang='lat'><strong>492,</strong></span> <span class='ocrx_word' id='word_1_288' title='bbox 695 3847 794 3896; x_wconf 74' lang='lat' dir='ltr'><strong>scilicet</strong></span> <span class='ocrx_word' id='word_1_289' title='bbox 801 3842 876 3895; x_wconf 90' lang='lat' dir='ltr'><strong>initio</strong></span> <span class='ocrx_word' id='word_1_290' title='bbox 884 3841 1009 3896; x_wconf 85' lang='lat' dir='ltr'><strong>orationis</strong></span> <span class='ocrx_word' id='word_1_291' title='bbox 1017 3839 1136 3893; x_wconf 83' lang='lat' dir='ltr'><strong>animum</strong></span> <span class='ocrx_word' id='word_1_292' title='bbox 1149 3848 1204 3891; x_wconf 88' lang='lat' dir='ltr'><strong>tan·</strong></span> 
     </span>
    </p>
   </div>
   <div class='ocr_carea' id='block_1_8' title="bbox 140 3914 1307 3991">
    <p class='ocr_par' dir='ltr' id='par_1_9' title="bbox 140 3914 1307 3991">
     <span class='ocr_line' id='line_1_33' title="bbox 140 3914 1307 3991; baseline -0.008 -16"><span class='ocrx_word' id='word_1_293' title='bbox 140 3947 154 3968; x_wconf 69' lang='lat' dir='ltr'><em>a</em></span> <span class='ocrx_word' id='word_1_294' title='bbox 167 3925 285 3983; x_wconf 67' lang='lat' dir='ltr'><strong>Scilicet,</strong></span> <span class='ocrx_word' id='word_1_295' title='bbox 301 3922 549 3991; x_wconf 79' lang='lat' dir='ltr'><strong>ettempusveniet‚</strong></span> <span class='ocrx_word' id='word_1_296' title='bbox 563 3939 647 3990; x_wconf 86' lang='lat' dir='ltr'><strong>quum</strong></span> <span class='ocrx_word' id='word_1_297' title='bbox 696 3929 754 3972; x_wconf 87' lang='lat' dir='ltr'><strong>tum</strong></span> <span class='ocrx_word' id='word_1_298' title='bbox 766 3918 880 3974; x_wconf 84' lang='lat' dir='ltr'><strong>intendit</strong></span> <span class='ocrx_word' id='word_1_299' title='bbox 891 3919 925 3973; x_wconf 86' lang='lat' dir='ltr'><strong>ad</strong></span> <span class='ocrx_word' id='word_1_300' title='bbox 936 3917 1091 3988; x_wconf 82' lang='lat' dir='ltr'><strong>sequentia,</strong></span> <span class='ocrx_word' id='word_1_301' title='bbox 1107 3914 1173 3968; x_wconf 87' lang='lat' dir='ltr'><strong>oth.</strong></span> <span class='ocrx_word' id='word_1_302' title='bbox 1187 3915 1211 3983; x_wconf 63' lang='lat' dir='ltr'><strong>l.</strong></span> <span class='ocrx_word' id='word_1_303' title='bbox 1303 3954 1307 3966; x_wconf 94' lang='lat'><strong>.</strong></span> 
     </span>
    </p>
   </div>
   <div class='ocr_carea' id='block_1_9' title="bbox 139 3994 1205 4147">
    <p class='ocr_par' dir='ltr' id='par_1_10' title="bbox 139 3994 1205 4147">
     <span class='ocr_line' id='line_1_34' title="bbox 140 3994 1205 4069; baseline -0.009 -15"><span class='ocrx_word' id='word_1_304' title='bbox 140 4024 154 4048; x_wconf 69' lang='grc' dir='ltr'><strong>υ</strong></span> <span class='ocrx_word' id='word_1_305' title='bbox 169 4001 265 4055; x_wconf 86' lang='lat' dir='ltr'><strong>tinibus</strong></span> <span class='ocrx_word' id='word_1_306' title='bbox 282 4000 332 4053; x_wconf 83' lang='lat' dir='ltr'><strong>illis</strong></span> <span class='ocrx_word' id='word_1_307' title='bbox 351 3999 469 4069; x_wconf 80' lang='lat' dir='ltr'><strong>Agricola</strong></span> <span class='ocrx_word' id='word_1_308' title='bbox 484 4011 533 4055; x_wconf 87' lang='lat' dir='ltr'><strong>etc.</strong></span> <span class='ocrx_word' id='word_1_309' title='bbox 545 4022 558 4045; x_wconf 70' lang='grc' dir='ltr'><strong><em>ν</em></strong></span> <span class='ocrx_word' id='word_1_310' title='bbox 576 3999 647 4052; x_wconf 88' lang='lat' dir='ltr'><strong>unde</strong></span> <span class='ocrx_word' id='word_1_311' title='bbox 696 4007 723 4051; x_wconf 88' lang='lat' dir='ltr'><strong>et</strong></span> <span class='ocrx_word' id='word_1_312' title='bbox 735 3998 772 4051; x_wconf 86' lang='lat' dir='ltr'><strong>ita</strong></span> <span class='ocrx_word' id='word_1_313' title='bbox 785 4018 840 4053; x_wconf 90' lang='lat' dir='ltr'><strong>non</strong></span> <span class='ocrx_word' id='word_1_314' title='bbox 854 4017 914 4050; x_wconf 85' lang='lat' dir='ltr'><strong>raro</strong></span> <span class='ocrx_word' id='word_1_315' title='bbox 928 4001 939 4058; x_wconf 69' lang='grc' dir='ltr'><strong><em>ἦ</em></strong></span> <span class='ocrx_word' id='word_1_316' title='bbox 954 3994 1023 4065; x_wconf 88' lang='lat' dir='ltr'><strong>apud</strong></span> <span class='ocrx_word' id='word_1_317' title='bbox 1037 3994 1205 4055; x_wconf 68' lang='lat' dir='ltr'><strong>Homerum</strong></span> 
     </span>
     <span class='ocr_line' id='line_1_35' title="bbox 139 4075 1205 4147; baseline -0.011 -13"><span class='ocrx_word' id='word_1_318' title='bbox 139 4098 230 4134; x_wconf 80' lang='lat' dir='ltr'><strong>rocem</strong></span> <span class='ocrx_word' id='word_1_319' title='bbox 249 4077 364 4147; x_wconf 77' lang='lat' dir='ltr'><strong>ovidio,</strong></span> <span class='ocrx_word' id='word_1_320' title='bbox 384 4077 442 4146; x_wconf 84' lang='lat' dir='ltr'><strong>tv,</strong></span> <span class='ocrx_word' id='word_1_321' title='bbox 459 4078 521 4147; x_wconf 80' lang='lat'><strong>627,</strong></span> <span class='ocrx_word' id='word_1_322' title='bbox 537 4075 647 4131; x_wconf 83' lang='lat' dir='ltr'><strong>reddere</strong></span> <span class='ocrx_word' id='word_1_323' title='bbox 696 4089 727 4129; x_wconf 78' lang='lat'><strong>2⁰</strong></span> <span class='ocrx_word' id='word_1_324' title='bbox 738 4075 800 4130; x_wconf 87' lang='lat' dir='ltr'><strong>inde</strong></span> <span class='ocrx_word' id='word_1_325' title='bbox 812 4085 920 4144; x_wconf 85' lang='lat' dir='ltr'><strong>utraque</strong></span> <span class='ocrx_word' id='word_1_326' title='bbox 931 4093 980 4127; x_wconf 76' lang='lat' dir='ltr'><strong>vox</strong></span> <span class='ocrx_word' id='word_1_327' title='bbox 990 4076 1083 4126; x_wconf 71' lang='lat' dir='ltr'><strong>rmntce</strong></span> <span class='ocrx_word' id='word_1_328' title='bbox 1094 4087 1205 4139; x_wconf 85' lang='lat' dir='ltr'><strong>usurpa-</strong></span> 
     </span>
    </p>
   </div>
   <div class='ocr_carea' id='block_1_10' title="bbox 0 0 1359 4672">
    <p class='ocr_par' dir='ltr' id='par_1_11' title="bbox 0 0 1359 4672">
     <span class='ocr_line' id='line_1_36' title="bbox 0 0 1359 4672; baseline 0 0"><span class='ocrx_word' id='word_1_329' title='bbox 0 0 1359 4672; x_wconf 95' lang='lat' dir='ltr'><strong> </strong></span> 
     </span>
    </p>
   </div>
  </div>
 </body>
</html>
