2692 4672
284 380 292 393 .
414 322 911 396 1n0v1n11rssros.
1124 324 1190 420 ⁴7³

134 471 269 549 admitti
282 469 401 572 possit
419 470 581 544 Proterea
598 465 742 542 Ovidius
762 464 849 539 nibil
864 464 929 541 tale
944 463 1066 553 babet,
1085 484 1118 540 et
1130 495 1195 568 po-

135 597 204 672 tuit
220 594 290 670 baec
305 595 453 668 Fortuna
468 591 558 667 nude
570 592 717 666 Fortuna
732 588 870 664 Publica
884 585 1086 689 vocari,Ad
1100 589 1191 665 Fusa.

114 712 120 721 ’
137 718 187 808 V,
212 717 302 821 739,

272 865 330 921 Nec
340 875 367 919 te
377 873 531 934 preteream
542 862 632 934 populi
645 863 763 916 Fortuna
774 861 888 932 potentis

334 955 460 1022 Publica,
471 955 516 1010 cui
526 954 655 1025 templum
666 954 724 1009 luoe
735 965 862 1025 sequente
872 953 980 1021 datum,

139 1101 201 1175 nbi
225 1099 447 1189 Kalendaria,
471 1117 543 1174 tum
563 1099 697 1173 Fortun.
716 1099 833 1201 public.
860 1099 938 1174 PR.
956 1099 987 1171 in
1008 1098 1103 1184 colle,
1127 1115 1199 1172 tum

142 1224 277 1299 Fortun.
298 1225 391 1326 pn'ra.
416 1214 549 1296 rir'colle
570 1220 705 1318 legunt,
729 1222 912 1299 luculenter
936 1250 977 1297 ex
998 1220 1101 1297 altero
1124 1221 1199 1296 loco

143 1344 278 1447 quidem
287 1346 517 1448 apparetbanc
526 1363 642 1419 notam
651 1346 723 1419 PR.
735 1344 905 1442 legendam
917 1373 988 1420 esse
996 1344 1200 1445 pniaipmim

143 1467 201 1544 sed
220 1468 378 1543 Ovidium
394 1468 482 1543 idem
496 1468 682 1563 designasse
699 1468 760 1543 bac
783 1466 1077 1543 circumlocutione
1092 1466 1206 1568 populi

135 1590 269 1693 potentis
287 1647 297 1676 ,
327 1617 403 1662 cum
419 1590 583 1683 Foggiuio
598 1590 681 1664 mibi
697 1590 892 1692 persuadere
911 1618 981 1664 nou
996 1617 1152 1690 possum,
1169 1605 1202 1662 et

141 1713 275 1788 credere
285 1710 373 1786 malo
383 1710 541 1786 Ovidium
551 1713 681 1789 easdem
693 1717 870 1790 notasPll.
887 1716 923 1789 in
937 1713 1127 1789 kalendario
1141 1741 1202 1788 sno

143 1851 292 1938 repertas
308 1833 425 1931 legisse
443 1833 564 1935 Populi
574 1835 727 1921 Romani,
754 1839 850 1909 etita
864 1839 973 1909 versui
991 1837 1177 1910 intonuisse.

192 1961 300 2035 Taceo
316 1977 430 2034 catera
446 1955 540 2045 loca,
557 1955 618 2029 ubi
633 1957 770 2031 Verrius
788 1956 886 2030 Orid.
902 1955 1055 2058 supplet,
1069 1987 1099 2030 v.
1118 1987 1145 2030 c.
1161 1957 1204 2031 ad

145 2083 177 2156 d.
197 2080 243 2155 23
261 2100 295 2157 ct
311 2083 358 2175 24
373 2083 475 2156 Mart.
492 2080 535 2155 ad
557 2107 571 2152 1
592 2096 626 2154 et
647 2077 694 2152 23
710 2078 818 2180 April.
836 2097 870 2154 et
886 2078 968 2153 alios
986 2079 1078 2172 dies,
1102 2109 1205 2183 quum

144 2223 179 2279 et
192 2205 278 2280 iusra
294 2204 442 2307 quadam
457 2204 494 2277 in
510 2202 699 2278 subsidium
712 2201 857 2276 vocanda
872 2201 949 2276 sint.

193 2328 309 2416 Alius,
328 2355 425 2428 quem
440 2327 596 2424 Pogginii
610 2326 695 2401 liber
707 2324 859 2401 laudatus
875 2341 1026 2427 praestat,
1042 2352 1123 2399 usus
1139 2353 1208 2399 cer-

144 2451 237 2524 nitur
260 2450 297 2521 in
318 2448 478 2525 fastorum
501 2467 666 2538 veterum,
685 2465 900 2549 utnusquam
915 2465 1012 2523 antea
1031 2448 1204 2538 exstabat,

146 2570 342 2646 collectione
359 2569 457 2672 plena
472 2589 505 2644 et
521 2572 664 2668 integra,
685 2601 782 2673 quam
799 2601 872 2646 cum
889 2570 1106 2646 illustratione
1123 2569 1208 2645 ube-

145 2699 253 2785 riore,
271 2696 505 2770 commentario
518 2696 554 2769 in
564 2698 717 2772 Verrium
731 2697 848 2772 adsuit.
868 2697 952 2794 Quae
969 2694 1088 2770 tabula
1103 2724 1207 2797 quum

148 2820 330 2895 arctissimo
349 2816 482 2893 vinculo
498 2846 573 2892 curn
587 2818 701 2893 Ovidii
714 2819 875 2906 carmine,
894 2819 986 2920 quod
1002 2819 1036 2894 in
1046 2819 1088 2893 iis
1103 2817 1208 2892 inter-

148 2942 317 3045 pretandis
343 2961 508 3030 versatur,
532 2941 732 3032 cohaereant,
751 2972 791 3017 eo
808 2943 912 3040 magis
935 2941 1114 3018 dolendum
1138 2958 1208 3030 est,

149 3068 331 3160 fragmenta
343 3096 458 3141 eorum
472 3094 551 3141 casu
563 3065 708 3167 quodam
717 3068 868 3164 ingrato,
887 3067 922 3144 in
935 3068 1104 3170 prioribus
1118 3094 1208 3141 men·

151 3192 264 3278 sibus,
282 3218 366 3290 quos
384 3189 484 3265 ovid.
503 3190 683 3278 describit,
698 3220 766 3293 prae
782 3192 855 3266 aliis
871 3219 984 3266 manca
1002 3217 1088 3276 esse,
1106 3215 1208 3289 quum

151 3313 324 3388 uberiores
349 3341 464 3388 eorum
487 3314 718 3389 adnotationes
743 3315 779 3387 in
805 3313 975 3389 mensibus
1002 3314 1155 3407 Augusto
1177 3328 1211 3386 et

152 3436 347 3539 Septembre
363 3453 510 3524 exstent,
528 3465 546 3510 e
564 3436 687 3539 quibus
704 3436 883 3539 quasdam,
899 3433 1086 3537 speciminis
1099 3461 1210 3525 cansa,

153 3588 193 3633 ex
208 3560 362 3652 Augusto
379 3584 489 3632 mense
507 3557 665 3660 descripsi
679 3576 713 3633 et
728 3558 762 3632 in
778 3559 842 3633 fine
858 3558 1004 3658 adjunxi.
1027 3558 1143 3655 Quum
1160 3575 1212 3633 ta·

154 3707 231 3754 men
247 3708 316 3753 non
333 3708 407 3754 raro
418 3680 496 3754 etin
506 3680 675 3781 prioribus
685 3679 845 3756 laudanda
860 3698 939 3755 suut
954 3681 1022 3755 bac
1031 3682 1212 3779 fragmenta

153 3821 194 3877 ut
209 3821 249 3876 ut
263 3831 384 3904 pauca,
401 3803 565 3905 precipua
580 3831 693 3877 eornm
708 3803 773 3878 boc
788 3803 862 3878 loco
878 3802 1071 3901 attingenda
1085 3801 1209 3903 putavi.

210 3936 254 3997 1⁰.
281 3923 416 3999 Kalend.
443 3925 672 4028 Moffoerirrrm,
692 3926 739 3999 ita
754 3925 899 4016 dictum,
925 3925 1015 4029 quod
1032 3926 1067 3998 iu
1085 3924 1211 4000 adibus

156 4045 374 4124 Maffaiorum
391 4047 534 4150 primum
550 4066 662 4152 patere
680 4049 803 4150 erepit,
825 4066 864 4124 ut
889 4048 1103 4152 perhibetur,
1123 4074 1212 4122 auno
