2692 4672
211 297 273 364 no·
485 297 525 362 P.
555 295 734 364 OVIDII
758 294 989 367 NASONIS

252 431 392 508 Solibus
407 450 441 505 et
455 459 571 534 campo
589 461 728 533 corpora
744 433 834 508 nuda
852 433 986 509 dabant.

202 551 410 647 [Castibos,
431 565 464 621 et
478 548 614 647 jaculis,
634 566 667 622 et
683 549 774 622 missi
792 549 938 651 pondere
956 553 1026 626 sari

251 665 392 739 Brachia
407 692 468 766 per
483 663 576 739 lusus
592 664 787 765 experienda
804 665 965 762 dabant]

204 783 324 857 Pastor
339 779 381 854 ab
399 778 545 867 excelso,
564 779 628 853 Per
645 778 736 852 deria
753 808 830 854 rura
843 781 1017 880 juvencos,

251 895 414 983 Romule,
430 895 623 998 predones,
641 895 750 996 eripe,
770 894 872 985 dixit,
891 915 1004 993 agunt.
1219 923 1265 994 ³7⁰

202 1018 355 1110 Longum
373 1031 441 1086 erat
457 1012 576 1086 armari
594 1042 602 1085 ι
618 1010 753 1086 diversis
771 1012 839 1084 erit
855 1028 994 1112 uterque

249 1130 428 1204 Partibus:
444 1156 582 1203 accursu
598 1125 708 1228 prada
724 1143 856 1227 recepta
870 1126 977 1201 Remi.

202 1249 249 1321 Ut
263 1246 379 1335 rediit,
397 1245 542 1319 verubus
558 1243 730 1319 stridentia
747 1242 890 1324 detrahit
906 1262 1000 1331 exta,

248 1365 361 1463 Atque
376 1359 446 1433 ait:
464 1359 543 1431 Haec
560 1374 646 1431 certe
663 1386 733 1431 uon
749 1357 815 1431 nisi
830 1359 935 1433 victor
950 1359 1033 1434 edet.

200 1478 297 1552 Dicta
312 1474 409 1561 facit,
427 1473 588 1573 Fabiique
606 1472 704 1547 simul
719 1504 727 1546 :
741 1474 831 1549 ‘venit
846 1474 960 1548 irritus
976 1473 1055 1551 illue
1215 1502 1265 1572 375

244 1587 430 1677 Romulus,
446 1605 481 1662 et
496 1615 625 1663 mensas
640 1616 780 1689 ossaque
797 1588 886 1663 nuda
904 1589 1003 1664 videt.

196 1708 306 1794 Risit;
323 1722 357 1779 et
374 1702 520 1777 indoluit
534 1704 658 1778 Fabios
675 1705 824 1804 potuisse
840 1708 1047 1808 Remumque

245 1825 406 1910 Vincere3
424 1819 627 1917 Quinctilios
643 1849 715 1894 non
730 1822 879 1923 potuisse
897 1850 987 1898 suos.

195 1943 294 2016 Fama
310 1954 420 2011 manet
435 1934 536 2008 facti:
553 1935 665 2036 posito
683 1934 841 2011 velamine
859 1954 1013 2027 cummt,

245 2056 291 2127 Et
306 2080 484 2128 memorem
500 2051 638 2141 samam,
669 2051 761 2154 quod
780 2052 865 2127 hene
883 2052 999 2142 cessit,
1016 2053 1126 2128 habet
1213 2080 1262 2135 ss·

227 2262 282 2318 366,
296 2265 391 2331 cam
400 2276 505 2327 corpora
515 2261 584 2312 suda
591 2261 689 2313 laban!
695 2299 703 2322 ,
747 2279 795 2328 pe,
808 2278 842 2313 au
852 2268 891 2323 et,
905 2261 984 2314 Reme
994 2259 1134 2330 legendum
1143 2263 1183 2319 sit.
1193 2265 1260 2321 Illud

196 2342 261 2397 nudi
271 2348 348 2395 erant
358 2338 385 2390 in
397 2333 615 2403 campo-Mox,
627 2354 705 2404 ημ-
752 2337 879 2391 debemus
898 2335 1009 2393 Heinsio
1025 2338 1070 2408 qui
1087 2359 1118 2393 ex
1133 2343 1260 2400 Arondel.

194 2422 282 2473 rr'esda
298 2418 413 2476 doust,
438 2410 645 2481 experiebantur.
664 2412 705 2467 lbi
753 2414 829 2468 Voss.
841 2414 939 2468 Matar.
952 2425 979 2470 et
991 2435 1046 2469 uno
1054 2416 1137 2472 Vatic.
1145 2423 1259 2490 recepit,

196 2496 329 2551 Teubner.
346 2491 459 2561 primam
475 2486 550 2542 verbi
567 2486 704 2542 notionem
751 2489 812 2545 ideo
822 2492 919 2559 etiam,
932 2493 992 2562 quis
1003 2499 1081 2562 eripe,
1097 2495 1260 2568 siciuterpo-

195 2562 704 2643 urgens,esplicat,alteralterioopiam
751 2571 1258 2649 situm,animumconsternati,acpre·

195 2648 304 2703 faciebat
313 2640 463 2716 experiendi
471 2640 703 2698 brechia-0011&
750 2649 925 2704 acutissimam
940 2670 1017 2720 opem
1030 2654 1145 2721 urgentis
1157 2659 1257 2728 egregie

194 2731 240 2780 bus
249 2724 361 2778 Heinsio
372 2740 428 2775 non
439 2720 522 2790 placet
531 2761 538 2789 ‚
548 2721 705 2790 quiscestss
750 2724 852 2795 prodat
863 2727 925 2782 Non
938 2727 1013 2781 maie.
1028 2727 1184 2785 Taubnerus
1196 2754 1257 2787 vero

195 2802 324 2858 Romanis
334 2819 390 2853 non
401 2800 429 2852 in
439 2816 495 2851 uste
503 2797 596 2869 ltaque
606 2796 705 2873 eMSS
751 2809 840 2856 tuetur
846 2802 914 2871 vuig.
923 2803 1017 2870 quiaet
1025 2803 1124 2860 Remus
1132 2809 1241 2867 avolavit
1247 2853 1254 2880 ,

196 2882 272 2933 Voss.
288 2878 388 2931 Matar.
400 2873 502 2929 zulich.
514 2885 541 2928 et
552 2874 635 2930 intus
649 2874 703 2928 aliis
750 2879 858 2949 ejusque
869 2897 975 2933 accursu
990 2882 1077 2950 preda
1091 2898 1195 2956 recepta
1211 2904 1256 2945 ess.

194 2954 300 3030 prefert
310 2957 437 3020 vecte'bus5
447 2953 626 3018 oectesenim,
639 2952 703 3007 scili·
752 2956 834 3025 Quod
850 2967 1037 3024 argumentum
1055 2960 1120 3016 mihi
1134 2980 1189 3017 non
1207 2967 1256 3022 sd.

194 3037 326 3093 cetssdes,
336 3030 447 3084 militare
456 3039 532 3083 eraut
540 3028 702 3098 exercitium,
750 3031 860 3086 modum
873 3050 950 3100 grave
964 3033 1075 3091 videtur.
1091 3039 1158 3096 Satis
1173 3054 1255 3099 enta

196 3111 267 3187 quod
282 3109 349 3165 adeo
364 3118 441 3180 poeta
451 3104 525 3161 sadle
538 3104 570 3160 sd
585 3116 703 3176 pastores
749 3121 850 3182 pastore
864 3121 1031 3167 consternato
1045 3134 1130 3173 unum
1144 3125 1254 3179 evoesri.

193 3190 251 3245 ilios
263 3188 384 3259 antiquos
395 3184 535 3240 transferre
552 3186 644 3255 potuit.
661 3185 702 3239 lta
749 3190 884 3242 —Pastor
899 3199 988 3242 sutem
1001 3190 1043 3245 itte
1056 3193 1083 3248 in
1095 3203 1210 3266 excelso,
1226 3211 1254 3255 ot

195 3264 398 3336 Cn.Pompeius
407 3283 463 3317 cunr
470 3264 702 3316 validissumu—
748 3265 777 3319 in
787 3265 904 3335 specula,
916 3267 1054 3325 collocatus
1066 3279 1255 3345 eran-Agere

193 3347 273 3399 tabat.
280 3342 409 3396 Eamdem
415 3341 472 3395 lert.
477 3339 548 3394 baud
554 3339 633 3394 dubie
638 3338 701 3393 dare
748 3360 856 3414 pecora,
869 3347 973 3416 proprie
985 3347 1019 3402 de
1029 3351 1195 3420 predonibus
1211 3354 1253 3409 issa

195 3419 413 3485 volebantetsiii,
423 3419 468 3488 qui
478 3420 587 3471 sestr'bss
595 3417 701 3472 habent.
748 3418 917 3490 abigentibus.
932 3423 997 3479 Inde
1010 3424 1121 3478 fomute
1130 3445 1205 3492 agere
1214 3442 1253 3485 at·

193 3495 283 3552 Etiam
293 3495 384 3563 Silius,
393 3493 420 3562 1,
433 3495 491 3561 321,
500 3495 698 3559 sudesjmtae,
747 3497 880 3566 praeferre,
899 3504 963 3568 ἄγην
973 3512 1013 3556 καὶ
1024 3505 1102 3576 μ’μιν.
1114 3527 1147 3540 -
1159 3506 1253 3561 Parti-

192 3573 453 3644 saaeaesiecoujungit.
461 3570 595 3627 Ceterum
603 3572 653 3627 hoe
661 3583 698 3627 to·
747 3578 1251 3654 mangonibus-Acesta,impetu.

193 3664 253 3709 tum
264 3649 409 3718 distichon,
424 3649 494 3720 quod
508 3660 561 3703 tres
573 3649 631 3703 cod.
643 3669 697 3705 non
748 3652 819 3707 Male
831 3657 907 3728 vulgo
918 3675 1027 3711 occurre.

192 3741 337 3804 agnoscunt
345 3729 476 3800 ,spurium
486 3726 640 3780 hauddubie
648 3741 697 3798 est,
778 3734 834 3803 375.
843 3739 937 3789 Μὴν
945 3745 971 3789 et
982 3739 1133 3802 (luroctilius
1138 3743 1250 3810 prefecti

191 3824 219 3869 et
229 3832 261 3868 ex
270 3809 398 3882 superiori
412 3804 573 3869 conflatums
588 3806 659 3875 quod
670 3818 698 3862 et
745 3810 884 3864 comitrims
893 3809 1006 3867 Remiet
1014 3811 1120 3869 Romuli
1134 3818 1194 3873 inde
1203 3819 1249 3891 ipsi

192 3884 698 3957 Heinsiussuspiratusestltaqueuneis
745 3887 965 3943 contremeret
974 3893 1248 3957 Qurirctilie'dietiNide

191 3966 300 4033 inclusi,
315 3963 386 4035 quod
403 3973 430 4016 et
446 3959 589 4014 Mitscheri.
608 3959 696 4017 secisse
746 3963 865 4018 Periton.
877 3965 1016 4024 Animadv.
1030 3971 1097 4026 Hist
1113 3992 1137 4044 p.
1154 3994 1248 4028 201.-

188 4042 369 4102 vitas-tun
378 4039 512 4110 disputem
519 4076 529 4115 ,
543 4047 634 4119 ptrum
642 4044 695 4092 eri·
748 4042 891 4108 Quodlene
899 4048 1248 4122 cessr'tbenesehabet5neo
