2692 4672
209 324 273 405 adn
482 322 522 387 P.
560 318 734 387 OVIDII
762 316 987 385 NASONIS

251 467 338 537 Tuta
355 461 419 535 suit
436 460 542 546 lacto;
560 486 685 560 vosque
702 458 822 533 relerre
836 458 940 556 jubet.

203 581 329 655 Discite
343 606 450 665 nunc,
470 603 570 677 quare
586 577 742 651 Fortunae
759 593 833 650 tura
854 575 950 649 Virili

252 695 347 769 llctis
363 722 422 779 eo,
441 690 545 765 calida
563 691 620 792 qui
637 690 732 764 locus
748 691 863 766 humet
880 719 975 791 aqna.

204 809 335 910 Accipit
350 806 404 881 ille
417 807 512 881 locus
528 806 642 908 posito
658 804 818 880 velamine
834 823 986 892 cunctas;

251 927 296 998 Et
312 924 428 997 vitium
445 922 526 996 nudi
542 922 695 1023 corporis
713 950 812 997 nmne
830 922 928 996 videt.

204 1043 251 1113 Ut
267 1057 356 1136 tegat
370 1039 452 1125 boc,
470 1037 618 1139 celetque
633 1039 742 1126 viros,
758 1039 907 1112 Fortuna
922 1035 1038 1110 Virilis

252 1157 409 1243 Praestat3
429 1171 462 1228 et
476 1155 541 1228 boc
559 1182 661 1254 parvo
676 1172 750 1229 ture
765 1172 880 1251 rogata
897 1153 984 1228 facit.

202 1276 272 1346 Nec
287 1273 400 1373 pigeat
418 1271 514 1345 niveo
525 1274 647 1345 tritum
665 1298 740 1345 curn
757 1271 840 1345 lacte
857 1297 999 1372 papaver

252 1389 411 1474 Sumere,
429 1403 462 1461 et
478 1386 640 1487 expressis
657 1384 753 1460 mella
769 1386 896 1487 liquata
912 1385 1003 1459 savia.

204 1509 318 1605 Quum
337 1507 479 1606 primum
495 1505 619 1605 cupido
638 1506 752 1578 Venus
768 1520 819 1576 est
836 1500 978 1576 deducta
993 1494 1134 1588 marit03

251 1624 327 1694 Hoc
340 1620 432 1693 bibit
447 1649 455 1692 ε
472 1647 512 1693 ex
528 1618 589 1692 illo
607 1637 756 1721 tempore
771 1635 877 1718 nupta
893 1616 968 1690 fuit.

204 1731 421 1836 supplicibus
437 1731 547 1804 verbis
564 1729 653 1804 illam
670 1731 818 1832 placate:
833 1731 897 1806 sub
911 1729 968 1804 illa

197 1863 199 1867 '
250 1855 295 1924 Et
310 1850 432 1935 forma,
450 1864 484 1922 et
500 1875 630 1934 mores,
649 1867 683 1921 et
697 1847 887 1922 bonafama
902 1863 1021 1921 manet.

204 1970 312 2047 Roma
328 1963 489 2066 pudicitia
504 1990 702 2065 proavorum
721 1981 869 2064 tempore
884 1960 976 2061 lapsa
992 1978 1064 2034 est:

199 2138 286 2212 primo
300 2138 487 2204 Ambrosiano,
500 2136 565 2190 Lecti
577 2147 709 2189 etnorem
758 2135 840 2188 Anno
852 2153 877 2186 u.
894 2153 915 2186 c.
934 2133 984 2204 539
995 2171 1003 2198 ,
1016 2132 1055 2185 Μ.
1069 2131 1154 2186 tcitto
1169 2133 1251 2187 Balbo
1265 2174 1273 2200 ‚

200 2219 254 2271 aliis
269 2220 386 2285 apposita
397 2214 477 2268 dedit.
489 2212 564 2284 sepe
583 2212 638 2266 base
655 2211 709 2265 dno
757 2214 796 2266 M.
813 2212 908 2266 Porcio
924 2209 1026 2264 Catone
1041 2230 1104 2265 coes.
1122 2211 1199 2265 Elria
1216 2215 1268 2265 vir

199 2297 277 2352 verba
289 2294 362 2349 tnte'r
372 2313 400 2349 ee
413 2304 561 2362 permutata
571 2302 633 2347 sunt
645 2312 659 2344 a
670 2290 709 2344 li·
756 2309 802 2360 go,
811 2289 893 2355 Elvii,
902 2289 996 2358 equitis
1007 2288 1179 2343 Romaniblia
1187 2308 1267 2360 ,equo

199 2377 303 2439 brariis,
313 2383 343 2428 ut
351 2370 409 2438 lll,
420 2381 514 2441 7703et
524 2369 657 2424 interdurn
666 2388 710 2438 pe·
756 2368 854 2422 vehens
863 2367 974 2420 fulmine
982 2367 1032 2420 icta
1042 2380 1096 2433 est,
1109 2379 1204 2422 utnon
1216 2390 1267 2423 nn

199 2454 274 2507 rinde
289 2463 342 2517 est,
355 2459 446 2504 utrum
460 2446 599 2518 preseras3
612 2446 658 2500 sed
671 2466 709 2498 ar·
756 2449 791 2501 do
804 2449 857 2520 ipsa
868 2467 929 2501 curn
938 2465 1007 2517 equo
1014 2448 1172 2518 exspiraret,
1184 2448 1229 2503 sed
1241 2458 1269 2501 et

198 2535 260 2597 bor,
272 2541 330 2600 post
340 2548 483 2600 quam-qun
492 2527 571 2601 latere
579 2525 644 2589 vult,
655 2543 707 2577 non
755 2528 892 2595 utriusque
906 2545 1000 2596 corpus
1014 2524 1134 2591 nudum,
1146 2526 1268 2579 omnibus

200 2617 267 2669 bene
277 2618 374 2684 appone·
382 2606 645 2677 dicitnr-fllesem,
660 2625 709 2659 re·
756 2604 914 2674 tegumentis
927 2613 954 2657 et
967 2603 1133 2656 ornamentis
1139 2602 1267 2672 disiectis.
1342 2665 1343 2668 Ἴ

201 2704 305 2763 petere,
319 2704 348 2745 ut
361 2693 388 2757 l,
400 2691 464 2751 6183
479 2689 524 2755 ll,
536 2691 593 2743 512.
755 2684 922 2754 reperiretur.
936 2684 1016 2736 Vates
1027 2682 1139 2736 consulti
1155 2702 1198 2736 res
1217 2700 1268 2735 nn·
1290 2744 1297 2761 ι
1318 2688 1322 2695 “

236 2775 289 2837 ι45.
303 2773 415 2822 Fortuna
426 2770 474 2820 sub
486 2764 565 2821 vsrtts
577 2763 709 2833 cognomi·
756 2762 867 2830 derunt,
875 2702 1279 2833 eoinlamiamffllfflf

200 2848 276 2901 nibus
290 2846 395 2899 Servius
405 2863 450 2896 rer
463 2843 537 2911 plura
551 2841 649 2911 templa
659 2859 709 2909 po·
755 2834 1061 2911 tdirrft'cquituqffie
1081 2834 1270 2895 nedum

200 2925 264 2989 ruit,
284 2924 362 2974 Wre'la'
372 2939 456 2972 nuum
469 2920 496 2970 in
514 2918 571 2986 ripa
588 2916 708 2973 'l'ibet‘tst
755 2914 892 2991 pwlendh
901 2926 928 2972 el
939 2936 1098 2973 mortemue
1111 2915 1270 2988 quidamitt·

201 3000 364 3064 Plutarchus,
376 2999 476 3067 Quaeet.
486 2997 634 3049 Romtom.
643 2998 708 3064 Vll,
756 2996 862 3063 dicarit,
871 2996 989 3051 Vestales
995 3005 1057 3061 tres,
1067 2996 1215 3063 AEmiliam,
1223 2996 1269 3049 Li·

201 3103 226 3152 p.
237 3083 297 3141 135;
308 3075 451 3148 Dionysius
461 3071 593 3127 llalicarn.
607 3074 661 3140 w,
670 3095 708 3143 ²7·
755 3073 884 3126 ciniamet
893 3073 1017 3128 Martiam
1025 3113 1032 3139 ,
1040 3073 1084 3126 diu
1093 3075 1147 3143 jarn
1155 3092 1268 3128 eonsue-

203 3162 277 3212 Anco
288 3155 386 3209 Martio
404 3150 627 3207 comecrationem
644 3151 710 3204 illius
757 3150 876 3205 tudinem
891 3173 951 3206 cum
966 3153 1097 3222 equitibus
1111 3152 1267 3224 quibusdam

202 3236 290 3306 templi
304 3231 458 3288 Plutarchus
470 3231 502 3283 de
518 3230 635 3283 Fortuna
648 3230 706 3282 tto-
757 3231 881 3283 incestam
895 3231 1020 3285 babuisse.
1032 3231 1125 3285 Patres
1136 3229 1199 3285 inde
1212 3248 1267 3284 non

203 3334 272 3367 man.
285 3335 310 3382 p.
329 3313 391 3379 265,
404 3311 502 3365 tribuit.
512 3337 545 3349 -
556 3309 620 3361 lllox
633 3306 710 3359 dubi·
756 3308 879 3377 supplicia
895 3309 975 3361 modo
987 3311 1020 3362 ab
1037 3309 1086 3363 illis
1097 3319 1266 3375 sumserunt,

200 3403 255 3456 tes,
266 3402 355 3443 utrum
368 3394 454 3442 calida
468 3408 501 3440 au
513 3391 599 3454 gelida
615 3384 710 3455 praese·
756 3384 800 3439 sed
811 3396 837 3438 et
848 3386 926 3440 libros
937 3388 1076 3460 Sibyllinos
1086 3388 1187 3442 consuli
1207 3389 1269 3456 jus-

198 3484 344 3534 rns‚qunm
353 3485 408 3518 non
417 3462 658 3532 constet,quoloco
667 3461 710 3514 illa
756 3474 855 3516 serunt.
870 3465 967 3518 livero
978 3467 1121 3519 monebant
1135 3503 1143 3529 ,
1159 3474 1190 3517 ut
1205 3464 1270 3518 mali

200 3543 334 3597 lotiolacta
342 3542 382 3594 sit.
394 3545 485 3594 Cale'eia
493 3540 618 3593 debemus
628 3539 709 3591 Hein·
757 3541 891 3594 avertendi
898 3561 988 3610 causa,
997 3544 1111 3612 primum
1121 3544 1269 3612 peregrinis

200 3623 253 3686 sio,
267 3619 312 3688 qui
322 3619 358 3670 sic
372 3637 402 3670 cx
417 3619 506 3671 Ursin.
522 3618 620 3670 lllaear.
634 3617 708 3685 prim.
757 3619 911 3689 quibusdam
920 3619 977 3673 Diis
987 3619 1134 3674 dqureci
1143 3620 1269 3674 totidem·

202 3704 309 3757 Farnes.
321 3708 347 3750 et
359 3696 497 3750 duodecim
511 3698 564 3751 aliis
572 3696 709 3750 maluit-
757 3716 807 3766 qne
819 3696 886 3751 Galli
895 3696 1159 3764 riridesoderentur,
1170 3695 1266 3753 deinde

202 3775 255 3832 sed
269 3779 365 3842 accipit
373 3774 465 3827 melius
474 3784 528 3840 est,
547 3792 626 3843 qnam
641 3773 709 3825 alio·
761 3778 1017 3830 Venen'Vertr'cordioe
1024 3777 1196 3832 simulacrum
1204 3796 1268 3832 con·

201 3877 262 3913 rum
272 3859 389 3923 adspicit.
399 3854 522 3919 Accepere
533 3869 581 3906 nos
591 3851 710 3905 locnsdi-
757 3865 902 3908 sectaretur
918 3894 926 3920 ,
942 3872 993 3921 quo
1010 3855 1109 3909 facilius
1125 3858 1268 3910 mulierum

202 3940 269 3991 citur
285 3954 363 4006 quem
383 3933 492 3986 adimnt.
502 3959 535 3972 -
549 3932 603 3984 Pro
615 3951 707 3998 parvo,
757 3932 995 3986 mentesalibidine
1004 3933 1036 3986 ad
1043 3932 1196 4002 pudicitiam
1204 3952 1269 3988 eon-

204 4016 296 4069 lleins.
310 4013 402 4068 suadet
410 4027 507 4079 parem
519 4006 577 4060 ride
593 4009 634 4074 ll,
654 4008 709 4062 538.
758 4018 932 4062 verterentur.
947 4008 1123 4064 Simulacrum
1137 4008 1269 4062 dedicarit

239 4092 340 4162 157.De
352 4095 445 4145 Vem
457 4088 612 4142 Verticordia
619 4085 711 4140 obiter.
759 4084 890 4154 Sulpicia,
904 4086 990 4143 Fulvii
1004 4088 1086 4142 Flacci
1102 4103 1168 4139 uxor
1180 4123 1187 4151 ,
1207 4104 1267 4152 qum
