2692 4672
138 332 205 417 488
531 327 815 399 EXCURSUS

136 504 241 549 unum
259 449 649 574 horizontem'nnumqne
665 500 767 546 avum
785 495 899 544 omnes
923 465 1017 541 nullo
1033 467 1137 542 modo
1153 496 1204 543 re·

136 587 247 663 vorari
261 617 377 690 posse,
394 589 473 664 alias
490 588 533 662 ad
548 616 735 677 romanum,
760 585 839 660 alias
852 584 894 658 ad
910 581 1123 657 Alexandriae
1140 584 1200 656 ho-

137 708 298 782 rizontem
314 709 497 810 pertinere,
520 735 660 808 eumque
675 704 775 779 modo
794 728 912 798 graecas
931 699 1035 772 modo
1052 727 1201 773 romanas

139 823 351 896 auctoritates
368 824 477 925 sequi,
497 823 606 897 statim
623 820 796 916 intelliget.
820 821 898 893 Non
916 816 1102 889 enimcum
1119 817 1203 888 Pou-

137 936 247 1010 tedera
260 945 268 975 ¹
288 939 466 1011 consentiri
479 956 605 1040 potest,
624 939 771 1039 quicum
783 935 922 1010 maxime
934 933 1032 1007 fastis
1049 933 1202 1021 cesaris,

139 1051 196 1150 qni
211 1069 326 1151 postea
339 1052 402 1126 sub
416 1055 569 1148 Augusto
583 1052 786 1128 emendatius
799 1050 1009 1152 prodierunt,
1024 1077 1126 1122 nsum
1138 1076 1203 1123 esse

140 1168 260 1256 voluit,
280 1170 374 1269 quod
395 1170 527 1244 nonnisi
553 1169 751 1271 quibusdam
775 1169 810 1242 in
832 1167 936 1255 locis,
954 1166 1017 1241 ubi
1033 1195 1110 1242 rere
1133 1196 1204 1240 cum

140 1311 208 1358 aero
226 1284 361 1360 Juliauo
379 1303 411 1359 et
423 1288 538 1360 Romae
551 1285 725 1360 horizonte
740 1284 915 1373 convenit,
932 1281 1068 1358 concedi
1084 1300 1202 1384 potest.

141 1400 425 1477 verisimillimum
437 1401 500 1476 erit
515 1419 549 1474 et
564 1400 702 1476 maxime
716 1419 969 1477 consentaneum
987 1400 1125 1486 rationi,
1139 1428 1205 1499 qna

143 1515 285 1591 Ovidius
304 1517 339 1590 in
357 1517 448 1591 omni
461 1517 526 1590 hoe
541 1534 734 1612 argumento
748 1534 896 1591 versatus
907 1533 972 1604 est,
989 1516 1102 1616 ipsum
1110 1544 1204 1592 usum

142 1656 212 1702 esse
231 1628 341 1714 fastis,
361 1627 473 1729 quales
491 1628 590 1701 Plinii
607 1646 641 1702 et
657 1626 848 1728 Columella
865 1647 960 1715 suut,
986 1629 1050 1702 uhi
1066 1647 1162 1703 ortus
1174 1646 1203 1703 et

143 1769 278 1816 occasus
292 1732 454 1814 secuudum
469 1740 574 1814 vanas
580 1743 694 1842 plagas
703 1742 865 1816 annotati²
879 1759 991 1830 erant,
1008 1759 1042 1815 et
1056 1741 1136 1814 inde
1145 1769 1203 1842 pro

142 1855 255 1930 lubitu
270 1876 304 1932 et
319 1875 358 1931 ut
372 1856 524 1932 carminis
540 1856 684 1932 rationes
700 1857 935 1945 admittebant,
954 1858 1202 1932 notissimorum

144 1970 289 2045 siderum
305 1973 513 2072 apparentiae
528 1972 630 2047 modo
647 1972 741 2061 huic,
758 1971 858 2047 modo
879 1972 935 2048 alii
956 1974 1128 2048 horizonti
1149 1973 1202 2047 ad-

143 2089 282 2187 scriptas
295 2090 328 2160 in
340 2117 469 2163 cannen
480 2116 576 2163 suum
590 2089 803 2164 transtulisse.
818 2089 1037 2166 anuleutius
1048 2091 1117 2165 hoc
1127 2088 1203 2164 mihi

144 2188 278 2299 arguere
305 2203 457 2278 videntur
479 2233 516 2276 ea
536 2203 628 2292 loca,
646 2204 705 2278 uhi
723 2207 868 2305 ejusdem
887 2207 988 2284 stella
1010 2207 1102 2282 idern
1118 2224 1206 2281 ortus

147 2318 201 2390 bis
217 2320 353 2394 diversis
368 2321 488 2395 diebus
504 2320 689 2421 adscriptus
706 2340 773 2411 est,
792 2343 825 2397 et
845 2325 892 2399 ita
907 2343 945 2399 ut
958 2324 1044 2398 alter
1060 2340 1207 2399 accurate

147 2432 187 2505 ad
207 2435 339 2522 Romae,
357 2433 440 2510 alter
454 2434 496 2508 ad
511 2434 715 2513 Alexandria
727 2437 934 2514 horizontem
950 2442 1128 2540 pertineat.
1145 2440 1211 2513 Ac-

149 2550 228 2624 cidit
245 2551 309 2626 hoc
327 2552 362 2624 in
380 2549 539 2651 Delphini
566 2567 634 2624 ortu
655 2551 845 2655 strombo,
869 2555 927 2654 qni
945 2557 1013 2642 Vl,
1034 2556 1129 2656 471,
1148 2555 1212 2628 diei

152 2697 196 2741 ιο
211 2672 288 2743 Jun.
310 2669 509 2744 adscribitur
526 2667 585 2764 (in
602 2695 699 2769 quem
715 2667 801 2742 diem
818 2670 905 2745 idem
918 2689 1010 2745 ortus
1024 2673 1142 2746 Romae
1157 2672 1210 2744 iu·
1228 2688 1231 2693 ’

147 2783 245 2872 cidit,
265 2785 306 2858 ad
323 2784 492 2857 Patavium
509 2783 603 2856 Gem.
624 2793 776 2883 17⁰,o==
797 2785 827 2857 d.
848 2811 892 2857 ro
908 2788 1014 2877 Jun.)

276 2953 371 3005 Navita
385 2971 473 3021 puppe
485 2951 596 3020 sedens,
611 2953 741 3024 Delphina
756 2955 918 3024 videbimus,
934 2956 1036 3026 inquit;

312 3040 430 3094 Humida
443 3059 525 3109 quum
538 3044 613 3113 pulso
625 3062 678 3096 nox
688 3046 740 3099 erit
750 3057 807 3099 orta
823 3047 873 3100 die.

197 3185 315 3258 Postea
332 3185 493 3286 repetitur
510 3183 563 3256 die
589 3213 627 3286 ¹7
647 3188 725 3259 Jun.
752 3187 843 3288 quod
860 3188 900 3260 ad
916 3185 1125 3262 Alexandriae
1147 3189 1206 3261 ho-

148 3299 306 3373 rizontem
321 3301 475 3401 pertinet.
491 3299 609 3398 (Gem.
626 3299 698 3390 25⁰,
717 3327 741 3374 a
762 3302 839 3375 =d.
865 3301 907 3374 18
929 3303 1010 3378 Jun.
1036 3308 1129 3407 quod
1141 3334 1206 3380 uno

151 3413 202 3488 die
221 3414 367 3513 differt).
383 3416 449 3500 Vl,
471 3440 560 3514 720:

182 3600 191 3630 ¹
210 3595 367 3650 ponerem
385 3595 495 3665 Antiqu.
513 3596 655 3651 latinarum
701 3597 761 3650 nius
784 3596 917 3652 interdum
942 3599 1058 3653 Italicam
1080 3602 1208 3656 rationem

56 3699 61 3720 ι
149 3693 345 3750 graecorumque
370 3677 548 3729 enarrationes
577 3686 654 3745 atque
705 3675 813 3728 Caesaris
823 3677 970 3730 auctoritati
981 3691 1106 3746 opponat.

148 3753 361 3817 emendationes,
377 3758 500 3820 pmcr’pue
515 3757 554 3806 ad
565 3758 656 3806 oeten}
734 3754 747 3782 ²
763 3753 803 3806 lta
820 3752 889 3805 Plin.
903 3773 1006 3824 semper
1018 3755 1117 3811 xvltt
1130 3776 1151 3809 e.
1162 3753 1207 3821 66,

147 3831 655 3898 annr’ratr'onemattr'nenlcs.Patav.1740.
704 3830 747 3884 ΙΙΙ
757 3848 838 3883 nonas
857 3831 937 3901 April.
951 3832 978 3884 in
988 3833 1081 3887 Attica
1096 3833 1211 3903 Virgilio

151 3909 207 3976 Qui
219 3909 259 3961 vir
270 3918 327 3978 post
342 3906 474 3962 Caesarem
486 3905 554 3959 aliud
566 3905 656 3960 kalen·
703 3907 802 3975 vesperi
815 3909 985 3961 occultantur.
993 3909 1102 3965 Eosdem
1115 3910 1211 3981 postri-

150 3987 253 4040 darium
262 3987 433 4041 emendatum
444 3996 471 4039 et
483 3984 564 4039 ltalia
574 3986 655 4055 magis
703 3983 745 4037 die
758 3984 784 4036 in
798 3984 915 4040 Baeotia:
931 3984 1028 4042 Caesari
1039 4000 1065 4042 et
1080 3987 1212 4044 ctratrtaeis

151 4061 301 4134 adaptatum
310 4084 365 4120 esre
378 4073 485 4132 censet,
502 4082 585 4133 quum
594 4061 655 4118 Pli-
703 4061 794 4118 nante
