2692 4672
193 276 262 364 434
463 277 721 346 novrum
752 276 985 349 nnsoms

241 421 358 493 Donec
376 443 447 492 eam
461 416 581 518 positis
598 417 773 494 occuluere
791 419 889 515 togis.

193 534 306 610 Tertia
323 562 418 608 causa
435 533 518 608 mihi
536 535 645 638 spatio
659 537 782 636 majore
799 536 945 610 canenda
962 554 1035 612 cst:
1213 563 1252 617 ses

242 656 314 727 Nos
331 669 440 726 tamen
455 651 618 727 adductos
635 652 726 727 intus
744 682 879 749 agemus
899 682 1013 755 equos.

192 769 323 858 Tullia,
337 767 512 869 conjugio,
531 767 663 843 sceleris
679 770 849 859 mercede,
867 789 1022 872 peracto,

242 887 306 961 llis
321 884 420 961 solita
437 904 487 960 est
505 886 601 960 dictis
619 885 830 961 exstimulare
847 886 977 962 virum:

191 1000 284 1098 Quid
299 1001 392 1100 juvat
410 1029 480 1075 esse
498 1029 612 1103 pares,
632 1017 664 1074 te
680 1018 805 1075 nostra
822 1000 909 1074 caede
926 1002 1075 1093 sororis,

240 1119 364 1218 Meque
383 1118 433 1190 tui
450 1116 582 1206 fratris,
599 1117 628 1189 si
645 1117 701 1220 pia
717 1116 785 1190 vita
802 1115 934 1221 placet?
1212 1142 1252 1215 590

190 1234 309 1308 Vivere
326 1232 524 1319 debuerant,
543 1250 576 1305 ct
590 1233 642 1305 vir
654 1261 768 1320 meus,
787 1252 820 1307 et
837 1250 894 1307 tua
910 1234 1051 1334 conjux,

239 1349 276 1421 Si
291 1347 421 1421 nullum
437 1346 552 1422 ausuri
566 1346 673 1446 majus
689 1374 818 1422 eramus
837 1377 934 1450 opus.

190 1467 236 1538 Et
250 1481 368 1570 caput,
387 1481 420 1537 et
435 1492 575 1559 regnum
591 1463 677 1537 lucio
693 1463 805 1538 dotale
822 1465 995 1567 parentia:

236 1580 274 1654 si
290 1580 341 1653 vir
356 1607 412 1666 es;
430 1579 461 1667 i,
480 1579 585 1654 dictas
602 1579 696 1675 exige
713 1580 805 1656 dotis
823 1611 914 1684 opes.

186 1774 260 1840 vinu,
273 1774 355 1840 1,46.
363 1800 395 1811 -
411 1772 563 1838 Occulum‚·
574 1771 701 1827 Heinsius
748 1786 821 1841 ceum·
833 1777 887 1831 duo
898 1787 926 1832 et
936 1777 999 1833 edit.
1010 1779 1092 1849 prim.
1103 1790 1182 1851 atque
1193 1780 1249 1836 Gri-

187 1853 302 1908 malebat
318 1855 456 1914 emotum,
479 1850 539 1920 quia
556 1852 700 1907 Vossianus
748 1856 816 1926 phil,
824 1863 872 1924 prin
878 1857 943 1926 jura
950 1862 1072 1925 placent,
1085 1861 1158 1931 quod
1167 1862 1250 1915 arridet

185 1953 236 2007 pro
244 1933 346 1986 diversa
356 1931 468 1984 lectione
480 1935 598 1984 euoluere.
749 1935 861 1988 Heinsio
869 1947 897 1990 et
908 1936 1071 2005 Teubnero,
1083 1939 1146 2008 quia
1157 1937 1249 1993 ctVlll

219 2008 547 2077 585.'l'ertiacausa,quce
555 2007 699 2076 habetpar·
748 2012 816 2065 Met.
834 2016 899 2086 499,
912 2019 961 2081 pia
971 2014 1037 2081 jura
1052 2028 1203 2084 mutum
1214 2013 1249 2071 sed

187 2102 244 2148 tem
257 2089 457 2143 memorabilem
472 2089 586 2143 historice
603 2108 698 2143 roma-
747 2090 783 2144 ibi
792 2092 879 2144 verior
886 2091 957 2145 haud
966 2091 1047 2147 dubie
1058 2093 1138 2149 lectio
1142 2102 1249 2163 piacula.

186 2169 325 2224 noe-Nos
335 2177 417 2220 tamen
428 2178 478 2220 etc.
489 2166 521 2220 de
534 2166 698 2221 haclormu-
747 2166 808 2220 Hoc
819 2165 877 2221 loco
888 2167 997 2238 singulae
1005 2168 1135 2226 lectiones
1149 2172 1248 2235 liabent,

187 2249 213 2302 la
223 2244 283 2300 vide
296 2243 329 2299 ad
345 2245 403 2310 lV,
419 2246 455 2298 16.
464 2273 499 2284 -
508 2246 562 2299 Pro
573 2249 698 2300 adductos
748 2263 801 2313 quo
809 2264 836 2298 se
844 2256 975 2300 tueantur.
986 2251 1079 2301 Pietas
1090 2261 1181 2304 autem
1192 2267 1249 2303 nuuc

187 2326 328 2382 Pembroc.
337 2328 510 2392 admr'rsose
515 2329 602 2378 Tullio
608 2328 700 2379 minor
747 2334 787 2376 est
798 2342 909 2389 eorum,
922 2325 968 2393 qui
983 2324 1050 2378 nihil
1062 2327 1166 2383 audent
1175 2329 1201 2382 iu
1210 2347 1248 2398 pa-

186 2407 259 2460 lecox
278 2414 403 2474 nupserat
416 2403 513 2459 Acunti
533 2403 695 2473 Tarquinio,
748 2411 832 2463 trem;
848 2400 893 2455 sed
903 2407 1010 2469 pietatis
1028 2404 1178 2477 imaginem
1193 2424 1249 2461 nuuc

187 2487 257 2539 mitis
277 2482 377 2555 ingenii
390 2481 497 2550 iuveni3
512 2482 598 2535 Tullia
612 2483 698 2550 major
746 2499 803 2532 non
813 2481 881 2534 bene
890 2479 984 2535 Tulliae
993 2483 1088 2538 tribuit
1097 2498 1178 2556 poeta
1187 2508 1193 2540 :
1203 2506 1248 2540 me-

184 2582 263 2627 vero,
272 2560 391 2615 modesta
401 2570 427 2612 et
436 2554 516 2629 patc‘n
526 2578 632 2623 amans,
646 2560 697 2612 Lu·
746 2558 795 2612 lius
807 2559 911 2628 livius,
925 2581 939 2608 ι
953 2560 995 2614 Εο
1005 2581 1082 2618 nuuc
1091 2565 1168 2635 pejus
1177 2575 1251 2619 muta·

185 2643 227 2696 cio
239 2640 402 2710 Tarquinio,
415 2637 458 2693 cui
474 2633 578 2707 animus
596 2638 698 2690 arden·
748 2658 762 2684 υ
774 2647 801 2690 ta
813 2649 853 2691 est
866 2658 926 2705 rec,
941 2639 1013 2708 quod
1033 2641 1093 2696 istic
1110 2663 1174 2699 cum
1186 2645 1252 2719 igna-

186 2723 245 2776 tior.
255 2720 307 2774 Sed
320 2719 362 2771 illa
370 2718 406 2772 ric
413 2735 518 2788 quoque
528 2716 641 2770 Lucium
649 2738 695 2769 ce·
748 2736 762 2761 u
775 2715 815 2767 via
828 2727 867 2770 eet
877 2715 966 2770 scelus.
981 2739 995 2764 »
1075 2718 1109 2797 ᾖ*

184 2803 277 2857 leriter
284 2819 335 2854 suae
344 2797 497 2852 temeritatis
502 2794 633 2868 implerit;
643 2819 656 2842 κ
665 2797 695 2852 L.
774 2793 829 2864 593.
836 2793 913 2864 Apud
923 2795 1029 2849 Livium
1036 2794 1184 2869 iniquia
1191 2796 1256 2855 ‘1'ae

186 2904 200 2929 »
213 2879 373 2948 Tarquinius
382 2888 409 2930 et
420 2876 507 2929 Tullia
516 2875 605 2929 minor
613 2893 696 2946 prope
746 2870 918 2945 (jubiium
932 2872 1047 2947 repelli,
1066 2875 1112 2930 ltoe
1125 2872 1186 2930 loeo
1200 2896 1255 2934 ace

184 2983 200 3008 ι
212 2956 370 3014 continuatis
380 2955 532 3019 funeribus,
542 2972 626 3023 quum
641 2953 696 3008 do·
744 2968 846 3021 auoque
856 2951 1042 3024 conjugionic
1050 2952 1194 3028 etDionys.
1207 2975 1254 3028 eq:

187 3057 272 3092 »mos
286 3053 378 3088 vacuas
391 3051 462 3085 novo
471 3033 645 3086 matrimonio
655 3033 696 3088 le·
745 3025 809 3080 illud
827 3027 928 3084 melica.
949 3030 1042 3086 Lectio
1060 3035 1097 3086 Et
1110 3044 1192 3102 capue
1207 3046 1253 3088 etc.

186 3137 201 3165 o
212 3115 324 3178 cissent,
335 3110 610 3179 jungunturnuprii„
625 3133 639 3157 u
654 3111 695 3163 Li·
745 3108 811 3161 milri
827 3110 949 3163 omniurn
966 3112 1067 3182 optime
1085 3111 1188 3183 placet,
1206 3133 1253 3168 nec

183 3197 255 3259 vius,
269 3193 299 3258 Ι,
313 3190 353 3255 46.
364 3189 578 3242 -Exstimulare
593 3189 695 3258 gravius
744 3198 817 3254 erat,
829 3206 877 3240 cur
889 3188 1016 3244 Heinsius
1025 3189 1253 3258 suaderet,sitca·

183 3284 238 3338 est,
248 3289 329 3341 quam
338 3268 451 3321 aliorum
463 3270 616 3320 sollicitare:
625 3268 694 3337 aprrd
740 3275 800 3332 put.
815 3273 846 3316 u!
862 3285 976 3332 regnum,
989 3268 1061 3337 laxo
1076 3272 1167 3322 dotale.
1178 3268 1253 3324 Olim

184 3352 307 3405 Livium:
320 3369 335 3394 ιι
348 3367 397 3400 nec
409 3357 503 3411 nocte,
517 3365 567 3399 nee
578 3345 695 3399 interdiu
744 3339 884 3409 edelatur,
891 3343 1048 3410 factumest
1060 3365 1069 3396 .·
1087 3345 1252 3415 quidamsa-

183 3451 198 3476 »
209 3429 296 3481 virum
315 3425 498 3493 conquiescere
517 3423 639 3492 patitur,
658 3443 693 3478 ne
743 3426 793 3478 “02'
799 3417 1155 3489 unusfacmmliussaciu.
1163 3423 1251 3478 Etiam

184 3503 323 3572 »gratuita
344 3500 475 3570 praterita
491 3499 627 3568 parricidia
647 3519 694 3552 es·
743 3515 808 3548 νοτε.
818 3500 881 3570 594,
892 3501 1250 3573 εεῐὶεδουηείίεειὶο,9υιω

185 3604 199 3631 »
212 3593 278 3634 sent.
295 3603 307 3626 u
319 3579 397 3633 Cous.
406 3579 577 3649 Dionysium,
593 3579 642 3645 tV,
653 3580 693 3633 28,
743 3573 869 3631 Heinsius
882 3598 914 3630 ex
928 3578 980 3632 MS
997 3579 1115 3634 Stroeze
1132 3584 1249 3652 recepit:

226 3659 351 3732 589-595.
363 3658 391 3711 si
412 3656 537 3727 placuerit
554 3656 609 3709 ltaec
631 3676 693 3709 curn
741 3674 805 3708 nam
818 3655 880 3709 illud
895 3663 911 3709 ι’
923 3661 1049 3715 convenit
1067 3662 1156 3715 animo
1172 3680 1249 3715 eom-

184 3738 277 3804 Livio,
291 3737 320 3801 l,
333 3739 380 3803 47,
395 3754 560 3804 comparare,
574 3734 644 3788 hunc
654 3736 694 3788 vi-
742 3745 816 3786 moto
830 3739 875 3803 (ut
889 3736 1030 3804 Horatius,
1046 3739 1247 3809 l,Ep.i·1,17;

184 3819 257 3873 debis
275 3816 361 3871 multo
380 3817 550 3882 superiorem.
571 3814 610 3865 lbi
628 3825 693 3882 quot
742 3812 784 3877 ll,
797 3829 820 3865 11
832 3852 840 3879 ,
850 3812 881 3881 76
892 3809 904 3880 )
915 3823 941 3867 et
952 3819 1038 3870 dicere
1049 3822 1129 3872 dolere
1141 3829 1186 3872 aut
1198 3822 1252 3872 coti

183 3897 278 3964 verba,
292 3906 332 3948 tot
352 3892 484 3963 pondera,
498 3890 590 3960 quibus
608 3890 692 3945 multo
741 3910 795 3944 esse
803 3890 942 3945 formulam
949 3893 1114 3964 solemnem,
1124 3918 1206 3967 quum
1213 3900 1246 3949 lc

183 3977 266 4030 acrius
278 3972 417 4043 instigatur
428 3970 531 4038 juvenis
540 3968 650 4022 animus.
659 3998 693 4012 -
740 3988 796 4021 cere
807 3970 884 4024 etiam
896 3970 1028 4040 polliceri,
1043 3975 1181 4044 addicere,
1198 3974 1246 4029 ad·

183 4048 692 4121 Propiavitaplaccc,aljip1‘avocapla·
741 4047 1244 4127 signarenomtituemtgnificeqto-
