2692 4672
137 368 206 454 rao
470 409 474 417 -
530 370 804 472 uxcunsns

137 530 170 585 et
184 528 291 586 exacte
303 512 343 585 ad
354 513 479 586 Patavii
491 512 621 588 fabulas
633 517 855 616 propriosque
870 511 1018 588 calculos
1028 511 1190 602 discmsit,

138 644 171 701 ct
184 625 348 701 horizonti
365 657 499 729 aevoque
517 629 586 703 suis
605 626 749 704 reddidit
764 629 811 702 ill.
831 629 926 704 Ptaff.
945 629 969 703 Ι.
989 658 1019 704 c.
1039 674 1080 687 -
1096 633 1193 706 Prius

138 768 236 840 quam
252 769 327 815 vero
345 740 443 815 simili
458 741 585 817 ratione
601 743 637 816 in
656 744 855 845 quibusdam
869 743 986 819 Ovidii
1001 743 1090 820 locis
1102 746 1142 820 ad
1152 775 1195 819 re

136 855 264 930 ritatem
281 858 535 933 astronomicam
553 859 744 934 revocandis
759 858 982 949 versabimur,
1003 877 1055 948 ct,
1073 862 1197 962 quidde

138 971 178 1047 iis
191 972 405 1072 judicandum
423 974 491 1059 sit,
517 973 720 1062 videbimus,
744 974 859 1076 paucis
879 973 918 1048 de
934 991 1059 1050 ortuum
1077 993 1107 1050 et
1121 1005 1197 1051 occo·

137 1118 224 1163 suom
242 1089 330 1191 apud
347 1107 472 1164 veteres
490 1088 613 1163 diversis
621 1089 798 1190 gerendus,
827 1107 861 1165 et
876 1090 918 1165 de
933 1090 1089 1167 veritatis
1104 1110 1200 1166 astro-

136 1209 272 1283 nomicae
290 1205 509 1309 probabiliter
525 1208 706 1308 quaerendae
721 1209 847 1282 ratione
863 1206 1044 1282 dicendum
1062 1226 1123 1282 est
1138 1212 1199 1283 ve-

141 1341 226 1398 teres
244 1323 331 1396 enim
349 1323 454 1398 Graeci
472 1341 546 1398 ante
562 1322 733 1398 Thaletem
754 1323 847 1420 (vide
864 1322 991 1425 snpra)
1011 1344 1199 1426 apparentes

136 1441 268 1515 nonnisi
286 1459 379 1516 ortus
395 1469 596 1540 occasusque
608 1442 803 1542 spectabant
818 1441 914 1516 etita
928 1441 1068 1515 nonnisi
1080 1442 1200 1517 divide·

140 1556 245 1643 bant,
264 1572 303 1628 ut
320 1572 431 1628 ortum
447 1558 625 1650 (introbit)
641 1573 675 1631 et
690 1583 843 1629 occasum
860 1556 1012 1655 (δύσιν),
1033 1555 1087 1631 vel
1103 1575 1200 1630 matu·

140 1671 262 1756 tinum,
278 1668 328 1743 vel
342 1671 567 1770 vespertinum
580 1700 650 1745 esse
663 1671 846 1746 indicarent
861 1680 882 1744 ¹.
899 1675 1019 1770 Quum
1028 1700 1109 1747 vero
1118 1690 1198 1747 ortus

139 1802 333 1887 apparentes
350 1802 383 1858 et
399 1813 494 1858 veros
512 1786 693 1861 discernere
713 1787 924 1876 didicissent,
944 1789 993 1863 ita
1010 1817 1071 1863 eos
1090 1789 1198 1863 divisos

142 1918 174 1972 et
191 1899 375 2002 appellatos
392 1927 460 1976 esse
478 1919 666 1978 constanter
683 1903 891 1978 invenimus:

321 2090 405 2145 Ortus
418 2092 563 2146 matutinus
574 2112 666 2161 verus,
681 2093 698 2146 i.
707 2112 730 2147 e.
741 2091 875 2147 cosmicus

322 2220 499 2235 ........
517 2202 660 2252 apparens,
671 2183 687 2237 i.
700 2201 722 2236 e.
736 2181 857 2236 heliacus.

324 2312 330 2325 .
349 2312 354 2324 .
373 2313 379 2326 .
394 2311 400 2323 .
416 2273 582 2342 vespertinus
595 2291 688 2339 verus,
700 2270 718 2325 i.
731 2290 754 2325 c.
769 2270 937 2343 acronychur.

322 2399 503 2416 ........
523 2379 657 2430 apparens

325 2450 441 2506 Occasus
453 2454 597 2506 matutinus
609 2471 701 2518 verus,
715 2450 731 2505 i.
744 2470 767 2505 e.
779 2452 913 2507 oosrnicus.

323 2540 437 2595 Occasus
450 2541 595 2615 matutinus
608 2558 741 2610 apparens

323 2631 441 2686 Occasus
452 2632 614 2700 vespertinos
624 2650 718 2696 verus,
731 2630 747 2683 i.
759 2649 782 2683 e.
795 2629 965 2703 aoronychus.

327 2720 442 2775 Occasus
454 2720 619 2790 vespertinus
630 2738 772 2789 apparens,
785 2719 801 2774 i.
814 2740 837 2773 e.
849 2718 970 2774 heliacus.

147 2884 205 2954 nbi
222 2883 286 2954 boc
302 2882 452 2954 universe
471 2881 647 2957 tenendum
666 2899 739 2955 cst:

96 3053 101 3065 .
201 3005 244 3065 1⁰.
263 2997 363 3066 Mane
380 3021 475 3069 veros
494 3016 586 3069 ortus
599 2994 714 3068 multis
730 3023 815 3097 saepe
828 2994 946 3069 diebus
959 2995 1204 3097 precedereap·

147 3127 308 3208 parentes.
335 3124 387 3180 2⁰.
406 3109 543 3208 Vesperi
560 3127 754 3211 apparentes
771 3109 952 3210 praecedere
968 3138 1076 3186 veros.
1094 3113 1206 3186 Astro-

147 3229 236 3300 nomi
254 3228 368 3322 greci,
389 3244 421 3300 et
438 3226 641 3314 Columella,
660 3245 693 3300 et
710 3226 837 3300 Plinius
854 3255 1004 3330 semper,
1026 3249 1064 3305 ut
1080 3254 1205 3302 necesse

148 3362 218 3431 cst,
246 3345 313 3428 sive
339 3363 432 3418 ortus
460 3344 660 3431 matutinus,
686 3344 752 3418 sive
781 3347 1012 3445 vespertinus,
1044 3345 1205 3420 interdum

40 3472 44 3483 “
149 3463 244 3535 ctiam
272 3463 338 3536 sive
364 3460 524 3535 cosmicus
538 3518 547 3547 ,
563 3461 630 3534 sive
645 3459 809 3547 heliacus,
835 3463 901 3535 sive
920 3463 1122 3565 acronychns
1140 3462 1204 3548 sit,

44 3572 49 3582 '
149 3595 317 3649 annotant.
336 3577 478 3651 Ovidius
495 3607 588 3662 raro,
607 3602 691 3678 saepc
708 3576 815 3664 falso,
840 3606 926 3680 saepe
941 3581 1118 3676 ambigue,
1136 3596 1207 3652 uter

151 3708 243 3764 ortus
260 3717 431 3764 occasusve
449 3691 512 3778 sit,
535 3689 677 3777 indicat,
696 3708 729 3763 ct
746 3690 928 3765 videbimus
950 3691 1037 3766 insra
1060 3721 1132 3768 eum
1154 3691 1206 3763 vix

184 3895 191 3924 ¹
204 3882 332 3959 ἐπιτολὴν,
342 3891 368 3944 id
377 3902 651 3958 estannuumortum,
701 3901 755 3956 est,
768 3906 826 3944 ortu
839 3892 992 3968 quotidiano
1001 3906 1059 3965 post
1067 3895 1126 3949 solis
1136 3911 1208 3947 occa-

147 3973 189 4025 vel
208 3972 314 4042 qnando
328 3969 399 4025 sidus
417 3970 532 4040 primum
548 3971 574 4022 iu
591 3970 654 4024 caelo
700 3970 915 4025 sumtto'rraitcrn
925 3971 969 4025 ireo'
980 3979 1208 4048 :armorumue

149 4060 256 4116 apparet
267 4049 405 4119 diligenter
413 4047 536 4118 distingui
543 4045 598 4101 vult
604 4047 654 4102 Ge·
701 4058 792 4103 tamen
804 4068 879 4105 vocer
889 4051 982 4121 sapius
993 4063 1208 4116 commutantur,

149 4127 239 4180 minus
249 4130 261 4194 (
270 4148 293 4182 c.
304 4128 366 4196 Xl)
378 4128 610 4196 iniciebantur,
626 4125 654 4181 id
701 4135 732 4182 ut
743 4128 837 4197 passim
849 4124 970 4198 reperies.
