2700 5100
421 710 713 779 PASTORUM
739 713 834 779 LlB.
876 714 919 781 V.

135 852 275 930 Pectora
290 848 442 948 trajectos
457 851 588 950 Lynceo
604 849 724 923 Castor
738 850 781 923 ab
797 879 892 940 ense,

184 966 263 1038 Non
279 982 464 1064 exspectato
479 964 613 1038 volnere
630 965 751 1065 pressit
764 963 913 1039 humum.
1143 1009 1192 1064 ,ιο

137 1081 240 1156 Ultor
256 1081 348 1156 adest
363 1081 500 1172 Pollux;
519 1102 553 1156 et
567 1084 695 1183 lyncea
712 1081 859 1184 perforat
873 1083 985 1174 hasta,

188 1198 266 1294 Qua
283 1196 390 1268 cervix
407 1196 561 1271 humeros
576 1197 767 1270 continuata
783 1198 911 1298 premit.

139 1312 215 1386 lbat
229 1311 265 1383 in
282 1310 371 1383 hunc
389 1310 484 1399 ldas,
501 1312 620 1412 vixque
638 1329 688 1386 est
703 1312 798 1386 Joris
814 1314 888 1408 igne
904 1311 1078 1414 repulsus:

189 1426 270 1501 Tela
288 1444 395 1500 tamen
415 1427 534 1505 dextre
549 1427 684 1501 fulmine
700 1446 793 1528 rapta
807 1445 937 1523 negant

104 1571 106 1575 ’
140 1545 281 1643 Jamque
298 1542 360 1615 tibi
376 1542 510 1628 eaelum,
529 1540 669 1630 Pollux,
688 1541 829 1617 sublime
844 1543 995 1644 pateba13
1148 1568 1196 1639 ,ιε

190 1656 319 1752 Quum,
338 1658 433 1744 Mea,
449 1656 580 1744 dixisti,
598 1656 730 1758 percipe
747 1657 862 1746 rerba,
879 1659 986 1733 Pater.

143 1772 246 1870 Quod
261 1772 343 1845 mihi
359 1772 417 1846 das
433 1773 510 1860 uui,
530 1770 645 1846 celum
661 1772 782 1874 partire
798 1771 950 1847 duobus:

189 1889 374 1963 Dimidium
390 1906 461 1962 toto
477 1915 611 1964 munere
626 1888 731 1988 majus
747 1887 818 1962 erit.

144 2057 271 2125 Aptr'drr’s
284 2055 433 2127 legendnm.
452 2055 513 2109 Hoc
525 2055 582 2109 loco
593 2073 646 2108 au·
693 2055 721 2107 in
734 2055 856 2128 olympo,
872 2055 982 2110 alterum
995 2057 1023 2110 in
1035 2057 1153 2127 sepulcro
1163 2061 1197 2115 ad

146 2147 198 2189 tem
218 2154 273 2188 non
293 2135 342 2187 nisi
354 2153 422 2188 unus
438 2132 647 2187 Zulichenrianus
695 2133 847 2203 Therapnas
857 2134 971 2202 erigunt.
990 2133 1043 2189 Sed
1054 2136 1124 2206 apud
1138 2137 1198 2191 Ho-

143 2210 193 2266 hoc
204 2231 303 2267 nomen
323 2212 448 2276 servarit,
467 2231 529 2265 narn
543 2213 647 2267 ceteri:
694 2230 814 2279 merum,
828 2210 882 2265 Od.
894 2223 935 2279 A,
950 2213 1014 2280 302,
1027 2214 1118 2268 vivunt
1128 2227 1199 2269 uter·

147 2291 315 2344 Constiterant
322 2294 368 2344 s'tlo
378 2293 540 2359 nominafida
548 2294 649 2344 Ioco-
695 2309 745 2358 que
756 2290 804 2343 sub
816 2299 899 2356 terra,
910 2290 1057 2361 habentque
1067 2292 1140 2348 hoca
1151 2295 1199 2349 Jo-

147 2369 282 2439 Alynceo
297 2371 403 2423 Castora
413 2388 467 2424 esse
481 2367 648 2421 intersectum
695 2384 740 2431 re,
751 2377 782 2418 ut
792 2383 840 2434 per
849 2367 918 2420 vices
930 2365 1000 2419 diem
1012 2388 1089 2439 supra
1101 2381 1198 2425 terrem

146 2448 250 2516 plorimi
259 2447 374 2501 tradunt.
386 2446 464 2517 Apud
477 2446 649 2500 Theocritum
697 2442 813 2511 exigant,
826 2453 853 2496 et
865 2443 953 2496 divino
961 2444 1061 2500 honore
1071 2446 1199 2503 fruantur.

147 2542 209 2576 rero
231 2524 349 2597 Lynceus
371 2522 439 2578 cadit
454 2521 568 2574 Castoris
587 2537 649 2572 ense
697 2517 739 2570 De
750 2518 867 2572 dissensu
877 2531 995 2574 veterum
1004 2525 1139 2593 superbae
1152 2547 1199 2595 re,
1248 2570 1251 2575 ,

147 2603 276 2671 trajectus.
304 2601 337 2653 ln
350 2621 404 2654 roc
419 2601 519 2670 Lynceo
535 2597 650 2650 notanda
698 2613 751 2664 quo
761 2594 803 2647 alii
816 2606 952 2663 statuunt,
974 2598 1201 2657 alterniselterum

146 2680 242 2752 syllaba
253 2677 382 2743 secunda,
391 2676 504 2747 queehoc
512 2694 587 2730 versu
595 2676 649 2729 lon·
698 2672 726 2724 in
738 2670 841 2738 inseris,
857 2673 968 2727 alterum
980 2677 1043 2730 calo
1058 2698 1129 2746 esse,
1141 2681 1200 2748 alii,

146 2778 195 2828 ga,
208 2768 234 2810 et
246 2758 330 2810 brevis
342 2776 406 2808 vers.
420 2774 473 2822 7¹¹·
544 2743 549 2757 ⁸
698 2761 839 2819 utrumque
856 2751 934 2804 simul
947 2753 996 2806 alio
1014 2754 1055 2809 die
1072 2756 1141 2829 apud
1157 2759 1200 2812 in·

181 2832 339 2904 vaprensi!
346 2831 568 2886 habeutnreliores
577 2852 584 2896 ;
592 2830 651 2886 rul-
698 2827 784 2906 lerps,
800 2827 850 2882 ulio
864 2828 933 2898 apud
943 2850 1050 2900 superos
1058 2850 1112 2888 ene
1123 2874 1131 2901 ‚
1142 2834 1201 2888 virle

146 2934 180 2983 go
191 2916 259 2977 tegit.
275 2913 387 2963 Premere
396 2909 463 2963 bene
477 2909 509 2963 de
521 2910 649 2973 conlinioe
699 2904 880 2959 Hemsterhu&
891 2906 1203 2983 adhucianum,1)iatog.

147 2993 188 3048 IV
203 2989 269 3043 Met.
283 2991 331 3045 535
344 3008 350 3041 τ
363 2991 461 3041 Arnum
477 2995 572 3042 orrr'rn'a
581 2987 655 3043 nsIIa'
699 2982 837 3051 Deorum,
858 2995 926 3039 torn·
939 2987 985 3055 11,
1001 3008 1059 3058 pag.
1079 2989 1127 3056 88,
1141 2989 1202 3044 edit.

144 3075 278 3141 premebat.
290 3070 370 3140 Apud
384 3068 490 3124 Pindar.
506 3078 573 3132 ἤλασε
588 3081 652 3138 Any·
699 3064 804 3133 Bipont.
822 3066 917 3119 Nostro
930 3065 1021 3120 dicbus
1033 3068 1139 3121 alternis
1153 3079 1204 3122 sta·

149 3154 195 3210 κέος
209 3153 231 3202 Is
247 3157 364 3214 stirpator
379 3151 469 3215 χαλκὶν.
490 3146 562 3199 Tum
578 3146 653 3198 inse-
701 3141 799 3195 tionem
814 3144 868 3196 caeli
880 3144 1078 3214 inferorumque
1094 3146 1163 3199 inter
1175 3167 1202 3201 se

150 3227 238 3296 quitrrr
253 3225 346 3292 ldam,
368 3244 382 3277 a
404 3243 472 3294 quo,
494 3223 653 3293 Apollodoro
699 3231 810 3273 mutant.
821 3221 970 3277 Eustathins
986 3222 1018 3276 ad
1032 3224 1142 3278 Homeri
1158 3224 1204 3277 di-

151 3315 270 3368 auctore,
283 3302 366 3372 lapide
378 3303 414 3356 ita
423 3320 556 3371 percussos
564 3311 653 3366 est,ut
700 3309 771 3352 ctum
793 3299 878 3352 locum
898 3298 1012 3355 fabulam
1033 3302 1154 3356 transfert
1170 3304 1204 3357 ad

151 3382 287 3453 oculorum
296 3380 378 3450 caligo
391 3380 553 3433 oboriretur:
564 3387 655 3442 Bistste
699 3376 769 3431 sidus
783 3375 974 3446 Geminorum,
988 3381 1047 3449 qui,
1064 3380 1128 3435 dnm
1143 3393 1204 3436 sunt

152 3462 287 3535 κίτμκατᾶ
302 3472 343 3518 ets
356 3462 467 3529 κιμλῆς,
481 3468 557 3513 stem
569 3481 655 3512 esseo-
700 3456 749 3511 sub
767 3467 854 3522 terra,
872 3457 996 3513 ridentur
1013 3461 1110 3513 mortui
1127 3480 1203 3528 esse,

154 3543 204 3597 tetr-
215 3533 270 3589 Sed
277 3533 382 3605 Jupiter
394 3535 491 3588 Polluci
502 3553 578 3603 opem
589 3534 654 3587 tulit
702 3532 765 3587 dum
776 3536 915 3601 oriuntur,
935 3536 1033 3590 vivunt
1047 3537 1131 3590 Aliter
1143 3538 1205 3589 Ma·

152 3620 206 3674 Zetis
219 3611 241 3667 θ’
249 3612 283 3666 t't’
294 3610 335 3671 lte
347 3619 452 3689 xuyps'pss
463 3622 536 3681 miss
549 3617 655 3683 politura
702 3612 820 3677 crobins,
835 3613 864 3675 l,
878 3613 984 3666 salum.
997 3632 1068 3666 213«
1080 3612 1203 3680 Gemini,

153 3696 262 3766 repensio·
280 3691 415 3744 Pindarus.
434 3691 513 3760 Apud
531 3691 655 3744 eumdem
704 3711 717 3737 s
731 3690 775 3758 qui
792 3689 897 3741 alternis
907 3689 1034 3742 mortibus
1044 3689 1130 3742 virere
1146 3709 1205 3743 cre-

155 3769 248 3825 Pollux
259 3781 330 3838 rogat
341 3771 453 3835 dorem,
473 3780 501 3822 nt
512 3789 538 3823 se
551 3770 654 3823 interfi-
704 3787 718 3814 s
732 3765 850 3830 duntur,
871 3764 933 3832 quid
948 3763 1034 3830 aliud,
1055 3767 1103 3818 nisi
1121 3767 1204 3821 solem

156 3849 223 3916 ciat,
236 3850 296 3918 quia
306 3849 372 3902 nolit
382 3866 434 3901 esse
445 3848 500 3901 siue
509 3849 578 3901 socio
586 3851 657 3902 labo·
704 3865 717 3890 ν
731 3862 814 3896 unum
840 3841 1014 3911 eumdemque
1038 3844 1203 3915 significant,

156 3946 226 3980 rum.
234 3927 338 3997 Jupiter
345 3946 427 3980 unum
436 3927 567 3979 Pollucem
575 3946 657 3997 agno·
705 3944 718 3968 r
733 3923 812 3975 modo
820 3919 1021 3975 descendentem
1032 3922 1205 3979 inimamun·

157 4007 204 4063 scir
222 4005 306 4060 lilium
326 4024 420 4070 suum,
437 4003 545 4058 fratrem
564 4017 656 4059 natum
706 4023 719 4050 s
733 4002 775 4067 di,
785 4000 864 4054 modo
874 4000 964 4054 mundi
974 4003 1001 4054 in
1013 4007 1205 4061 summamalti-

156 4083 397 4155 esseeTyndareo.
408 4083 479 4137 Tum
490 4083 624 4151 optionem
632 4085 657 4137 ei
706 4078 852 4132 »tudinem
869 4091 1056 4147 resurgentem.
1070 4104 1083 4128 s
1102 4111 1136 4125 .-
1153 4086 1206 4136 Pro

157 4161 213 4231 dat,
227 4173 315 4215 utrum
326 4162 395 4215 solus
405 4163 465 4216 velit
477 4161 505 4214 in
515 4162 577 4214 raelo
586 4161 658 4215 habi·
705 4176 801 4210 munere
808 4159 887 4211 Bern.
899 4163 1004 4214 senche.
1012 4159 1044 4214 de
1052 4163 1205 4229 qnoBurm.

157 4251 228 4306 tare,
240 4259 273 4293 an
282 4251 379 4294 sortem
389 4241 477 4309 partiri
491 4258 550 4292 curn
563 4239 656 4307 fratre,
705 4238 870 4306 rogitandum
884 4249 973 4307 putatc
985 4239 1031 4294 sed
1042 4261 1129 4292 murus
1139 4260 1205 4310 sepe

156 4330 187 4372 ut
201 4317 338 4370 dimidium
354 4329 456 4386 tempus
468 4319 502 4370 sit
512 4318 560 4370 snb
573 4328 658 4381 terra,
706 4317 737 4371 de
750 4319 874 4372 relatione
886 4319 956 4372 inter
965 4319 1034 4373 deos.
1044 4320 1130 4371 Etiam
1136 4319 1204 4388 apud

156 4396 296 4450 dimidium
309 4396 417 4449 incaelo.
431 4395 521 4449 Pollux
533 4395 658 4464 posterius
707 4396 861 4465 Hyginum,
879 4395 927 4448 sab.
945 4399 992 4461 bo,
1009 4395 1099 4449 Pollux
1112 4406 1185 4463 rogat
1197 4435 1204 4460 ,

158 4474 271 4545 praelcrt.
278 4476 318 4528 lta
326 4475 436 4529 alterum
444 4471 514 4526 diem
524 4491 584 4527 curn
593 4472 659 4525 Jore
706 4481 737 4522 ut
746 4473 793 4525 sibi
805 4472 879 4527 liceat
889 4491 1051 4526 metrossumrr
1060 4488 1120 4524 com
1127 4469 1206 4523 liatre
