2692 4672
216 307 282 392 no
606 304 882 375 excursos

213 448 321 521 sartos
336 460 425 533 erat,
447 442 536 545 qnod
555 460 669 540 gentes
685 472 813 547 semper
827 472 948 540 magno
971 445 1039 522 sibi
1059 445 1190 523 bonore
1213 450 1271 526 ‹lu-
1297 407 1303 415 ·

214 589 305 650 cere,
324 581 358 636 et
372 559 408 634 in
423 561 568 636 nummis
583 558 748 636 celebrare
765 560 927 636 solebant

215 806 1268 841 m

485 991 849 1081 EXCURSUS
885 992 991 1079 111.

211 1229 253 1274 BE
274 1224 405 1274 ORTIBUS
418 1225 458 1270 ΕΤ
473 1224 640 1270 occsstnus
651 1226 793 1273 smenon
813 1228 849 1274 lli
864 1228 983 1274 ortolo
994 1230 1154 1290 NOTA'HS,
1171 1229 1268 1285 DEQUE

331 1326 437 1374 rums
456 1324 658 1373 §mensuruus
678 1326 858 1373 GMCORU!
879 1326 921 1372 ΕΤ
940 1327 1160 1375 nouunonnl.

212 1544 239 1615 Ι.
263 1506 331 1613 Eo
344 1538 467 1637 majore
478 1566 540 1634 ego
551 1566 625 1613 cum
635 1537 807 1638 voluptate
814 1537 892 1614 huic
903 1538 1060 1616 carminis
1072 1543 1183 1616 nostri
1192 1544 1268 1645 parti

211 1658 389 1743 immoror,
409 1683 481 1753 quae
501 1654 543 1728 ad
564 1683 634 1728 rem
650 1657 904 1730 astronomicam
920 1657 1088 1759 pertinet,
1110 1687 1182 1760 quo
1196 1689 1267 1760 pau·

211 1770 317 1844 ciores
333 1768 450 1841 harum
464 1765 632 1841 literarum
650 1767 808 1856 cultores,
827 1770 889 1844 etsi
907 1787 1058 1845 veterum
1075 1772 1267 1873 scriptorum

211 1881 429 1979 intelligentia
440 1879 649 1983 probabilem
660 1883 760 1983 hujus
770 1883 951 1986 disciplina
962 1886 1190 1981 cognitionem
1202 1915 1272 1958 om-

210 1997 291 2071 niuo
308 1995 452 2092 flagitet,
468 1994 531 2069 hac
548 1994 700 2069 etiamen
716 2013 808 2096 parte
833 2025 943 2072 rerum
959 1999 1156 2094 cognitione
1175 2000 1268 2073 inter-

212 2112 433 2217 pretationem
453 2111 605 2212 adjurare
623 2111 739 2187 solent
758 2115 959 2210 Magnorum
976 2114 1226 2216 philologorum
1240 2134 1268 2189 et

212 2233 457 2332 interpretum,
488 2229 723 2319 Heinsiorum,
749 2233 1017 2307 Burmannorum
1043 2233 1268 2337 aliorumque,

214 2373 355 2446 quorum
369 2344 595 2420 commentarii
607 2342 795 2444 frequenter
803 2345 958 2420 manibus
974 2346 1045 2420 triti
1060 2367 1158 2438 sunt,
1173 2377 1270 2424 exem·

213 2461 330 2564 plum,
350 2460 408 2562 qui
423 2459 476 2533 his
493 2458 593 2534 rebus
611 2459 811 2569 explicandis
827 2460 1115 2565 dijudicandisque
1131 2464 1272 2567 plerum-

215 2607 278 2681 que
295 2576 552 2680 sopersederunt
567 2585 589 2666 ¹,
599 2605 668 2649 non
684 2604 801 2678 parum
813 2579 981 2669 nocuisse,
993 2580 1029 2654 in
1042 2601 1207 2683 promptu
1219 2598 1270 2655 est.

214 2695 375 2793 Quamvis
391 2692 454 2766 alia
465 2692 605 2767 sortasse
623 2720 734 2767 earum
749 2693 996 2798 disciplinarum
1009 2725 1109 2773 cansa
1124 2698 1188 2785 sit,
1205 2724 1273 2798 quae

214 2839 233 2884 a
250 2810 416 2886 veteribus
437 2809 568 2909 quidem
585 2808 806 2910 peculiaribus
818 2808 914 2886 libris
930 2813 1078 2904 traditae,
1098 2816 1206 2889 minos
1224 2831 1274 2885 ta-

215 2954 290 2999 men
307 2926 348 3000 od
367 2926 449 2999 alios
467 2954 579 3000 omnes
597 2926 776 3027 scriptores
797 2946 931 3029 pateant
958 2930 1013 3029 (v.
1039 2959 1066 3003 c.
1090 2928 1271 3015 medicina,

214 3041 431 3116 architectura
447 3058 506 3114 ete.
523 3042 559 3115 in
572 3071 713 3142 quorum
727 3045 946 3146 scriptoribus
958 3046 1105 3147 quadam
1121 3045 1272 3143 ignorare

215 3157 388 3260 philologo
403 3186 470 3231 non
483 3156 565 3231 adeo
582 3158 709 3232 crimini
722 3160 913 3235 vertendum
928 3181 1034 3251 esset,
1053 3193 1160 3264 quum
1174 3161 1272 3255 magis

214 3306 324 3379 perse
340 3277 487 3365 valeant,
511 3275 738 3375 minoremque
765 3296 798 3351 et
822 3279 856 3349 in
872 3277 945 3350 aliis
969 3282 1099 3380 scriptt.
1123 3280 1186 3352 rim
1212 3278 1273 3350 lra-

215 3393 340 3492 beant)
357 3412 472 3469 contra
488 3392 634 3467 historia
650 3390 809 3466 naturalis
826 3409 860 3465 et
876 3397 1087 3470 astronomia
1108 3393 1272 3497 probabili

216 3508 336 3592 notitia
352 3511 388 3582 in
407 3507 574 3584 veteribus
598 3506 815 3609 scriptoribus
839 3536 909 3581 non
933 3508 1027 3584 facile
1053 3541 1161 3587 carere
1177 3540 1272 3613 posse

215 3621 362 3696 dixerim.
669 3616 692 3655 ·’

266 3741 316 3811 Ne
332 3735 419 3810 euim
430 3736 535 3811 dicam
548 3736 588 3810 de
599 3734 667 3810 caeli
682 3736 887 3831 cognitione,
902 3739 972 3813 sine
985 3768 1049 3840 qua
1065 3741 1272 3842 geographo-

217 3880 291 3927 rum
307 3868 453 3926 veterum
470 3849 560 3924 nulla
576 3868 627 3925 cst
646 3848 881 3946 intelligentia,
910 3882 982 3953 quae
1006 3854 1041 3927 in
1064 3855 1271 3956 philosophis

252 4069 260 4097 ¹
279 4062 339 4118 Vid.
356 4085 379 4120 v.
394 4084 416 4119 a.
433 4064 573 4123 Heinslurn
587 4074 614 4121 et
627 4062 812 4121 Burmannum
823 4065 855 4119 ad
869 4067 965 4122 Faston
