2692 4672
336 306 418 375 ,IN
450 306 635 376 0v1n11
662 302 880 374 FASTOS.
1088 304 1148 368 ὕοι

93 445 155 520 liae
178 445 338 547 particula
361 446 544 548 composita
560 461 726 539 argunnt3
750 443 864 516 conler
879 444 967 518 Fest
992 439 1057 513 vid.
1079 442 1153 514 Am.

70 548 72 553 ¹
94 562 194 636 verba
209 593 217 637 ε
232 565 386 664 anquirere
404 563 573 660 (circum,
593 561 677 634 circa
696 585 837 659 querere
850 560 887 653 ),
905 588 1015 662 auceps
1032 561 1157 658 (teupe-

95 682 220 773 σωπος)
241 678 385 753 nnchbre
406 677 691 777 (ἀμφικύπελλον),
720 672 817 746 ancile
840 670 1157 769 (circumuentum,

93 794 233 895 Neapol.
250 796 292 868 ad
307 798 358 884 ll,
378 794 489 894 435.)

144 909 316 1006 Singulare
328 928 437 986 antem
454 910 489 984 in
504 906 707 1012 mythologia
721 907 840 982 veteris
851 905 938 980 Latii
953 926 1157 982 momentum

95 1041 164 1111 est,
183 1026 318 1099 numina
330 1027 392 1100 ista
403 1042 532 1101 tantum
544 1053 611 1099 non
627 1023 738 1099 omnia
750 1023 903 1097 vaticinio
918 1038 951 1094 et
960 1039 1057 1094 cantu
1069 1023 1157 1121 apud

93 1140 252 1216 mortales
270 1140 444 1231 claruisse,
462 1158 495 1216 et
506 1141 791 1215 celeberrimorum
801 1135 1009 1214 oraculorum
1018 1134 1054 1208 in
1062 1134 1158 1211 ltalia

94 1253 228 1353 antiqua
245 1255 397 1357 undique
408 1254 544 1351 vestigia
561 1272 647 1328 suut.

141 1369 192 1443 De
207 1372 323 1445 Fauno
339 1373 502 1472 Pieoque,
521 1369 561 1445 de
580 1371 702 1471 quibus
720 1369 817 1445 locus
832 1368 924 1443 class.
945 1381 1051 1440 exstat
1066 1361 1156 1464 apud

91 1482 184 1578 virg.
204 1486 334 1560 AEueid.
347 1489 430 1574 vll,
447 1487 490 1559 81
507 1517 516 1574 ς
533 1487 638 1587 deque
654 1486 866 1561 celeberrimo
881 1485 985 1559 Fauni
1003 1479 1153 1568 oraculo,

93 1602 183 1699 quod
196 1604 333 1678 Latinus
349 1603 390 1676 de
400 1603 536 1678 Lavinia
552 1631 611 1678 sna
622 1604 781 1691 consulit,
801 1605 933 1679 abunde
948 1603 1017 1699 egit
1030 1600 1070 1675 ad
1081 1600 1116 1672 h.
1130 1596 1155 1671 l.

91 1715 199 1790 lllust.
229 1719 397 1819 Heynius3
421 1719 563 1793 Ovidius
582 1718 714 1794 duobus
737 1720 820 1795 locis
841 1721 956 1820 (Fast.
979 1720 1044 1803 IV,
1063 1715 1154 1803 6513

92 1832 164 1919 lll,
183 1831 457 1933 291),ejusdem
473 1835 618 1922 oraculi,
636 1832 729 1935 quod
746 1834 874 1908 diverso
891 1832 993 1908 modo
1006 1848 1155 1918 exornat,

92 1950 290 2025 mentionem
304 1953 424 2052 injecit.
437 1955 467 2027 A
482 1953 642 2027 vaticiniis
653 1952 758 2026 eidem
769 1952 872 2025 Fului
880 1979 1003 2025 nomen
1013 1950 1156 2023 inditum

93 2086 161 2154 est,
181 2069 271 2169 quod
292 2071 426 2173 proprie
430 2069 583 2169 fatidicus
599 2085 667 2158 est,
687 2085 804 2170 postea
824 2098 863 2144 ex
880 2070 993 2143 eadem
1008 2068 1156 2142 idearum

92 2187 340 2286 conjunctione,
353 2188 394 2261 de
403 2187 576 2273 delirante,
589 2186 772 2288 desipiente
783 2186 849 2258 dici
857 2185 974 2286 coepit,
985 2214 1049 2287 qua
1057 2199 1157 2280 μάντις

91 2302 132 2374 de
148 2319 290 2404 utroque
307 2303 431 2379 Graccis
447 2301 511 2377 diei
535 2298 685 2389 solebat,
710 2301 759 2374 ita·
779 2318 913 2389 tamen,
938 2302 1032 2375 utin
1053 2315 1153 2396 μάντις

90 2419 185 2492 notio
189 2418 322 2517 stereodi
336 2420 540 2521 precederet.
551 2415 770 2517 Frequentius
783 2444 868 2492 uxor
881 2415 951 2515 ejus
962 2417 1156 2493 FaunaFu·

89 2534 220 2607 modici
234 2533 328 2611 solet.
347 2537 453 2609 Vetus
471 2534 511 2609 de
525 2562 562 2608 ea
577 2534 713 2635 mythos
729 2533 856 2630 (Butos
873 2530 962 2634 apud
970 2533 1099 2606 Arnob.
1108 2536 1151 2625 V,

89 2681 165 2754 pag.
185 2679 252 2753 99;
269 2652 356 2727 Etm.
375 2653 464 2727 Plnt.
483 2655 611 2752 Quest.
626 2678 710 2729 rom.
728 2675 776 2724 20
791 2652 809 2751 )
831 2667 942 2724 namet
956 2647 1154 2727 mulieribus

90 2795 160 2842 eam
175 2769 242 2844 sata
259 2769 432 2858 cecinisse,
450 2773 599 2845 Faunum
616 2771 711 2861 viris,
730 2797 790 2844 nee
808 2797 953 2869 unquam
973 2767 1019 2842 ob
1037 2767 1152 2863 singu·

89 2883 189 2960 larem
202 2887 428 2961 castimoniam
441 2887 547 2962 virum
560 2887 680 2962 vidisse
691 2916 700 2974 3
715 2884 867 2973 tandem,
881 2912 983 2985 quum
994 2882 1077 2959 elam
1086 2913 1151 2960 ma·

89 2999 190 3074 ritum
200 3004 303 3078 evino
319 3021 402 3104 poto
412 3004 603 3078 ebrietatem
617 3000 852 3088 contraxisset,
870 2999 1024 3096 virgisab
1034 2999 1151 3076 eodem

90 3114 132 3186 ad
148 3135 286 3192 mortem
305 3148 420 3196 casam
436 3148 522 3208 esse,
540 3136 654 3221 postea
672 3118 792 3192 divinis
806 3118 994 3191 honoribus
1010 3135 1147 3191 ancum.

89 3230 144 3304 Ad
168 3229 251 3303 hanc
271 3234 416 3310 sabulum
440 3236 601 3310 referendi
627 3254 707 3311 sunt
722 3237 808 3310 ritus
825 3262 992 3308 sacrorum
1009 3233 1040 3307 ei
1057 3233 1110 3307 die
1131 3261 1144 3307 t

89 3350 171 3424 Maii
189 3349 302 3425 offerti
318 3349 503 3429 solitorum.
522 3355 647 3429 Eadem
666 3354 752 3429 enim
768 3353 908 3442 videtur,
927 3381 1027 3454 qnam
1039 3352 1149 3428 ὖοιιαιη

88 3463 194 3538 Deum
208 3464 390 3555 vocabant,
408 3468 633 3546 consentiente
649 3467 738 3543 Plut.
760 3468 842 3542 Ces.
862 3494 895 3567 p.
917 3493 958 3566 7¹
969 3493 1004 3556 1,
1020 3468 1148 3541 Bonam

86 3576 192 3651 Deam
208 3578 341 3679 Dryade
359 3596 392 3653 et
405 3581 511 3654 Fanni
527 3611 667 3659 uxorem
682 3584 830 3671 dicente3
854 3581 1005 3656 Macrob.
1023 3586 1062 3674 l,
1089 3608 1147 3670 12,

85 3694 221 3768 Terram
245 3696 343 3770 etiam
369 3714 403 3771 et
426 3699 534 3799 Opem
560 3700 792 3776 immiscet-
817 3701 869 3775 De
891 3702 1147 3776 commutatione

87 3836 160 3881 enm
179 3810 269 3883 Pane
286 3836 337 3885 tes
351 3828 432 3885 nota
447 3830 515 3899 est,
533 3831 566 3887 et
581 3815 773 3917 Lupercalia
788 3832 875 3889 reete
893 3815 1035 3889 Ovidius
1052 3816 1147 3915 aLy-

87 3921 160 3995 cais
176 3920 344 3997 Arcadicis
359 3925 480 4027 repetit
494 3927 566 4026 (11,
588 3926 654 4000 281
667 3928 702 4026 );
718 3956 794 4005 nam
808 3929 849 4002 ad
866 3956 976 4023 regem
992 3928 1145 4002 Latinum

86 4066 223 4137 prorsus
237 4068 306 4114 non
320 4058 478 4142 spectant.
490 4043 662 4144 Quicquid
679 4046 777 4120 etiam
789 4045 829 4119 de
845 4061 970 4120 terrore
982 4043 1101 4148 panico
1116 4061 1147 4117 et
