2692 4672
265 312 291 398 r
636 311 968 380 raoornrom.

268 480 343 525 sum
364 476 434 526 esse
454 447 590 548 judicat.
617 449 847 524 concedamus
868 451 988 546 igitur,
1008 449 1097 551 quod
1120 469 1153 524 et
1175 455 1334 527 recentis-

267 573 343 648 simi
357 575 533 646 Fastorum
548 574 767 672 Interpretes,
782 572 941 658 benaias,
959 572 1137 660 Krebsius,
1154 574 1333 662 Gescnius‚

266 694 408 796 amplexi
437 712 536 781 sunt,
569 695 725 795 quodque
751 695 849 767 etiam
874 694 999 768 Jacobs
1029 695 1064 766 in
1088 694 1263 770 Animadv.
1291 696 1332 771 ad

266 815 405 892 Antbol.
424 817 526 891 Graec.
545 815 608 889 rol.
624 817 673 890 111
687 872 697 903 ,
711 816 748 888 P.
765 818 797 888 ll
810 873 819 902 ‚
833 844 867 917 p.
890 815 975 903 161,
990 833 1120 903 tuetur,
1136 815 1330 892 Callimachi

266 968 397 1013 carmen
410 939 619 1013 obversatum
632 964 704 1011 esse
718 937 831 1009 Ovidii
845 937 1000 1031 ingenio,
1016 966 1118 1037 quum
1135 965 1231 1011 suum
1246 967 1331 1040 opus

266 1061 448 1136 moliretur.
464 1060 564 1134 Aliud
579 1079 688 1133 tamen
703 1076 767 1146 est,
783 1087 898 1132 causas
911 1086 1020 1131 rerum
1031 1060 1073 1132 ab
1088 1060 1246 1135 heroibus
1257 1091 1329 1158 ges·

264 1204 391 1271 tarum,
409 1212 476 1258 non
502 1200 634 1257 constat
657 1210 725 1281 quo
744 1177 883 1266 ordine,
907 1207 1045 1266 canere;
1067 1180 1178 1268 aliud,
1205 1181 1329 1257 Kalen-

265 1307 391 1382 darium
414 1308 604 1379 Romanum
623 1303 765 1376 carmine
784 1303 962 1402 persequi,
992 1330 1170 1404 causasque
1192 1306 1329 1382 reddere

263 1457 377 1505 eorum
396 1427 562 1510 omnium,
578 1453 651 1524 quae
664 1424 703 1496 ad
719 1424 790 1499 dies
804 1423 956 1518 singulos
971 1427 1085 1525 paucis
1101 1424 1204 1501 literis
1216 1448 1329 1504 notata

264 1569 357 1628 erant
379 1553 440 1644 (*).
470 1547 666 1650 Exemplum
689 1549 759 1646 ejus
784 1547 998 1642 Argumentis
1023 1548 1187 1624 libromm
1214 1552 1328 1651 subje-

261 1676 365 1747 cimus
380 1728 388 1759 ,
414 1669 449 1743 id
464 1670 615 1770 quidem,
641 1670 760 1769 quode
774 1667 951 1768 pluribus,
977 1700 1048 1772 quae
1059 1689 1212 1761 exstant,
1228 1675 1327 1748 etiam

262 1791 546 1870 Mitscberliehius
558 1790 663 1887 elegit.
681 1793 835 1865 Formam
849 1792 919 1891 ejus
934 1793 1035 1866 luisse
1049 1793 1197 1868 videmus
1211 1794 1324 1885 talem,

260 1936 299 1993 ut
312 1946 382 1990 non
394 1917 459 1988 nisi
473 1915 641 2010 ingenium
648 1914 827 1989 multarum
840 1945 949 1990 rerum
963 1916 1098 1989 scientia
1111 1918 1324 2007 inundatum,

259 2058 361 2141 atque
376 2037 578 2113 tenuissimis
591 2038 689 2111 etiam
702 2038 803 2112 rebus
820 2038 1020 2112 cremandis
1036 2038 1210 2130 idoneum,
1234 2041 1273 2115 ad
1288 2071 1323 2117 se

258 2162 466 2238 tracmndum
479 2161 619 2233 inritare
630 2178 754 2259 posset.

306 2288 348 2360 ln
360 2283 584 2359 examinandis
601 2283 803 2356 carminibus
813 2284 961 2357 inventio
972 2311 1080 2359 rerum
1095 2315 1131 2360 ac
1144 2285 1320 2389 dispositio

255 2410 401 2511 primum
419 2406 561 2507 spectari
575 2403 674 2490 solet;
689 2422 786 2504 atque
796 2404 850 2478 bis
861 2405 1027 2501 ingenium
1039 2425 1145 2509 poetae
1158 2406 1207 2480 rel
1220 2411 1323 2481 mari·

257 2559 310 2606 me
336 2529 525 2604 estimatur.
554 2529 679 2599 Vemm
706 2528 829 2602 Ovidio
856 2529 931 2605 inde
954 2531 1026 2604 laus
1054 2529 1193 2603 debetur
1215 2559 1323 2635 prope

257 2650 349 2726 nulla
361 2682 369 2739 ;
387 2651 508 2725 etenim
521 2650 610 2723 Fasti
626 2650 792 2724 docebant
803 2652 890 2750 ipsi,
907 2670 941 2725 et
954 2680 1035 2750 quas
1049 2679 1120 2738 res,
1140 2670 1173 2726 et
1185 2683 1323 2754 queror

257 2774 334 2849 dine
349 2762 498 2870 singulas
516 2790 680 2848 tractaret.
709 2772 778 2847 lllae
796 2803 874 2848 vero
889 2775 930 2848 ad
943 2774 1012 2847 bac
1026 2773 1125 2850 ferme
1146 2778 1254 2876 capita
1266 2807 1321 2853 re-

256 2897 367 2972 vocari
378 2914 521 2999 possunt
532 2925 540 2968 :
551 2895 593 2967 ad
603 2896 857 2995 descriptionem
867 2897 945 2971 anni
954 2896 1114 2985 Romani,
1129 2910 1317 2986 numerum,

256 3020 407 3094 ordinem
423 3036 455 3090 et
468 3018 604 3090 nomina
622 3018 804 3105 mensium,
821 3017 1075 3119 discriminaque
1100 3019 1250 3108 dierum;
1277 3023 1317 3095 ad

258 3141 396 3215 caelestia
409 3138 593 3226 nonnulla,
622 3155 732 3211 ortum
748 3158 781 3212 et
801 3166 954 3213 occasum
976 3139 1119 3214 sidemm
1133 3200 1143 3230 ‚
1158 3142 1252 3216 initia
1270 3145 1319 3215 vi-

258 3264 489 3338 eissitudinum
501 3289 699 3348 annuamm,
712 3258 860 3361 solisque
874 3287 934 3361 per
951 3262 1042 3357 signa
1057 3262 1187 3337 Zodiaei
1202 3264 1319 3337 decur-

257 3414 349 3472 sum;
365 3386 407 3458 ad
420 3385 658 3457 dedicationem
671 3381 884 3484 templomm3
896 3384 936 3457 ad
945 3384 1105 3459 festorum
1117 3403 1150 3458 et
1163 3383 1319 3458 ludomm

257 3506 309 3583 vel
325 3508 504 3594 rationem,
523 3504 574 3579 rel
587 3506 749 3600 originem
763 3535 771 3593 ;
790 3505 833 3579 ad
846 3535 899 3582 res
912 3507 1054 3608 denique
1069 3505 1315 3599 memorabiles,

288 3754 331 3827 (*)
345 3752 386 3806 De
399 3755 486 3806 Fartus
499 3750 702 3817 Romanorum,
716 3762 769 3803 tam
781 3754 965 3805 attenuantes
977 3771 1057 3821 quarn
1071 3753 1219 3815 maronae,
1236 3771 1316 3822 pauca

257 3842 369 3898 diximus
381 3841 412 3894 ad
424 3843 451 3906 l,
469 3862 478 3893 ι
494 3851 520 3894 et
530 3861 552 3909 7.
565 3841 643 3894 Plura
655 3841 687 3894 de
701 3842 730 3893 iis
743 3842 856 3911 dispbtat
867 3844 991 3896 Gesem'us
1001 3843 1028 3894 in
1040 3842 1169 3914 Symbolis
1179 3843 1315 3897 Observat.

256 3931 289 3984 ed
303 3931 392 3985 Ovidii
408 3932 504 3985 Festos.
524 3930 658 3984 Nonnulla
672 3933 752 3985 etiam
769 3932 893 4001 premisit
905 3932 1016 3990 laenrius
1027 3933 1095 3988 notis
1106 3932 1138 3987 ad
1157 3933 1212 3988 loca
1222 3931 1314 3986 selecta

257 4020 398 4075 Fastorum
412 4022 438 4075 in
454 4022 559 4091 Eurycl.
577 4021 662 4077 Schol.
