2692 4672
142 292 202 358 132
417 287 457 353 P.
485 287 660 395 OVlDll
688 287 916 356 NASONIS

137 432 204 503 Nec
222 427 301 514 tibi,
319 453 391 526 qua
408 425 534 526 cupidae
550 446 677 501 matura
693 427 844 503 videbere
857 431 972 518 matri,

186 546 306 618 Comat
321 542 483 638 virgineas
499 542 592 618 hasta
607 571 741 618 recurva
757 573 877 618 comas.
1154 569 1206 623 560

138 659 254 735 Conde
272 676 362 743 tuas,
382 658 577 757 Hymenaec,
594 657 700 746 saces;
719 675 752 732 et
768 658 810 731 ab
825 655 960 753 ignibus
975 660 1055 734 atris

187 772 312 882 Auser:
333 771 456 845 habent
471 769 550 846 alias
569 791 680 846 mesta
695 771 845 874 sepulcra
862 772 957 849 laces.

139 891 185 962 Di
203 915 334 989 quoque
352 885 550 987 templomm
566 886 697 961 foribus
711 885 858 961 celentur
875 888 1017 987 opertis;

185 1005 273 1076 Ture
290 1020 404 1076 vacent
417 1030 496 1090 arae3
515 1018 668 1102 stentque
689 1003 759 1076 sine
776 1002 853 1097 igne
868 1002 943 1076 soci.
968 1062 975 1085 ,

137 1121 234 1191 Nunc
249 1116 364 1192 anime
382 1134 518 1202 tenues,
538 1133 571 1189 et
586 1144 725 1216 corpora
739 1115 852 1189 functa
868 1115 1026 1218 sepulcris

186 1237 325 1322 Errant;
342 1260 430 1306 nuuc
446 1231 558 1331 posito
575 1231 721 1331 pascitur
735 1232 852 1305 umbra
868 1232 956 1306 cibo.

139 1351 207 1423 Nec
225 1367 333 1422 tamen
349 1346 419 1420 buc
433 1343 538 1434 ultra,
554 1373 651 1445 quarn
666 1363 716 1419 tot
732 1346 772 1420 de
787 1375 897 1420 mense
914 1348 1082 1448 supersint

186 1463 353 1550 Luciferi,
372 1479 456 1561 quot
472 1460 598 1535 habent
614 1460 758 1535 carmina
770 1478 883 1535 nostra
896 1460 1007 1562 pedes.

139 1581 253 1664 Hanc,
270 1578 347 1675 quia
362 1575 448 1672 justa
464 1573 596 1659 ferunt,
615 1573 724 1648 dixere
737 1572 863 1648 Feralia
879 1573 1006 1650 lucem:

186 1690 312 1797 Ultima
327 1687 496 1790 placandis
510 1687 668 1762 Manibus
684 1689 740 1764 illa
757 1691 837 1764 dies.
855 1694 887 1799 s
1152 1721 1199 1791 ⁵7⁰

140 1811 225 1883 Ecce
242 1834 324 1880 anns
339 1806 373 1877 in
388 1803 504 1878 mediis
520 1803 666 1878 residens
683 1833 804 1880 annosa
822 1805 957 1906 puellis,

141 2037 155 2062 »
165 2013 278 2067 hibetur.
288 2011 398 2066 »Festus
407 2031 413 2064 :
421 2032 434 2056 «
442 2010 583 2064 Patrimiet
591 2029 645 2063 ma·
694 2010 739 2064 Dii
751 2011 873 2082 adspectu
888 2012 954 2067 tristi
970 2013 1158 2083 polluerentur.
1168 2047 1198 2060 -

141 2116 155 2140 s
167 2093 238 2146 trimi
247 2092 320 2162 pueri
327 2090 469 2162 pretextati
476 2091 645 2143 tresnuben-
695 2089 804 2143 Umbrae
822 2088 1006 2145 defunctorum
1023 2094 1104 2147 etiam
1118 2095 1197 2164 XIV,

141 2191 154 2215 »ι
167 2180 221 2222 tem
238 2167 372 2221 deducunt
384 2187 390 2220 τ
402 2186 487 2232 unus,
501 2168 546 2238 qui
562 2167 646 2220 facem
694 2168 752 2233 411,
761 2173 851 2219 aalma
861 2178 960 2231 tenues,
973 2179 1000 2222 et
1011 2169 1061 2237 lV,
1070 2173 1118 2238 435
1128 2211 1136 2239 ,
1147 2192 1198 2227 cor·

141 2271 154 2295 s
166 2246 269 2318 praefert
279 2267 310 2300 er
321 2246 394 2314 spina
406 2246 478 2312 alba,
494 2247 554 2314 quia
564 2255 645 2299 noctu
689 2262 755 2310 pom
757 2243 853 2310 francla
862 2251 982 2313 sepulcris
989 2245 1201 2305 dicuntum-Ci-

141 2348 155 2372 u
167 2326 310 2380 nubebant.
323 2345 336 2368 a
350 2321 403 2374 Sed
418 2331 444 2374 et
450 2327 527 2388 pinea
538 2323 604 2377 taeda
617 2324 646 2377 in
695 2324 755 2383 bus,
772 2323 854 2392 epulae
866 2325 990 2380 Manibus
1001 2330 1130 2398 apposite.

139 2405 308 2458 usu-Puri
314 2402 380 2460 dies,
395 2397 488 2466 quibus
499 2418 554 2451 non
563 2418 647 2467 apuu·
728 2398 783 2467 567.
796 2399 880 2455 Locus
892 2403 962 2457 varie
978 2414 1061 2460 tortru
1076 2417 1103 2460 et
1119 2408 1201 2479 expli-

137 2493 182 2536 tur
190 2500 231 2534 res
238 2476 405 2547 sepulcrales,
416 2486 461 2529 aut
470 2475 647 2529 tristes—Ex·
694 2485 773 2530 catus.
781 2479 835 2532 Nec
845 2489 926 2533 tumen
933 2484 1071 2547 becsltn,
1080 2501 1135 2537 nou
1144 2484 1201 2538 diu·

138 2566 249 2627 spectem
264 2555 306 2608 alii
319 2553 384 2608 daut
395 2562 506 2622 exoptat.
695 2553 746 2606 tius
756 2552 810 2609 bac
821 2574 891 2610 sacra
899 2555 1012 2627 durent,
1022 2579 1093 2628 qm
1102 2569 1141 2613 tot
1150 2573 1199 2618 etc.

173 2639 228 2708 559.
250 2636 367 2702 cupida,
387 2632 494 2701 cupiens
511 2629 648 2685 accelerari
696 2649 776 2699 quam
783 2631 868 2687 donec
879 2644 919 2689 tot
930 2635 985 2690 dies
992 2638 1128 2707 supersint
1137 2640 1201 2694 vut-

138 2713 199 2768 filisa
209 2711 321 2781 nuptias,
331 2712 456 2764 -Hasta
464 2730 573 2764 recurva.
588 2709 648 2762 Ar·
696 2728 742 2778 go,
754 2730 827 2779 qma
842 2720 892 2766 tot.
902 2726 1076 2781 ..supersessa
1092 2736 1145 2786 quo
1158 2718 1201 2774 die

138 2788 378 2852 nob.adv.Gentes,
387 2788 508 2859 ll,p.9r,
517 2787 648 2840 «Nubew
695 2796 736 2840 tot
750 2788 804 2842 dies
817 2801 1009 2858 supersunt·
1019 2795 1134 2855 Feralia,
1149 2796 1201 2850 scil.

140 2890 154 2916 s
166 2869 233 2921 tium
244 2866 345 2919 crinem
361 2862 472 2916 caelibari
490 2862 560 2914 basta
577 2861 648 2913 mul·
695 2864 814 2918 ultimam
829 2865 960 2933 placandis
976 2870 1099 2925 Manibus
1112 2872 1200 2941 diem,

140 2966 154 2991 s
165 2944 262 2997 cetis.»
275 2939 446 3004 Plutarchus,
461 2938 647 3007 Questliom.
694 2943 802 2996 collocat
819 2941 932 2998 Kalend.
948 2958 999 2999 vet.
1019 2949 1046 3000 in
1068 2950 1121 3003 ΧΠ
1139 2950 1202 3004 Ka-

139 3045 163 3094 p.
178 3025 240 3090 148,
254 3018 362 3089 querit,
375 3037 423 3071 cut·
438 3030 484 3073 τῶν
499 3022 646 3085 γαμιυμίνων
693 3017 763 3073 tend.
775 3017 885 3073 Mares.
900 3024 929 3075 18
942 3023 1018 3076 Febr.
1031 3026 1120 3094 Quem
1128 3026 1202 3082 dien

138 3109 216 3178 αἰχμῇ
230 3105 333 3174 depast'ou
343 3105 385 3159 rib
394 3099 466 3164 κὲμην
476 3101 644 3170 διακρίνωσιν,
694 3097 715 3149 si
728 3113 802 3148 more
821 3096 943 3151 Romano
960 3101 1038 3156 simul
1056 3123 1201 3174 numeras,

137 3177 349 3234 curnubeutinrn
357 3192 460 3228 comam
470 3192 556 3243 parve
566 3172 646 3227 haste
694 3185 832 3244 supersunt
844 3174 967 3230 undecim
978 3184 1075 3237 mensis
1087 3183 1160 3249 dies;
1175 3195 1202 3240 et

136 3259 241 3327 cuspide
260 3255 460 3318 discriminent,
479 3253 587 3322 ejusque
605 3253 644 3305 rei
694 3250 804 3306 totidem
817 3256 894 3320 pedes
909 3255 1008 3310 habeut
1023 3270 1049 3312 et
1067 3260 1123 3315 bec
1138 3282 1202 3316 car-

138 3354 225 3389 causas
241 3336 327 3405 plures
340 3332 423 3387 affert.
434 3360 467 3374 ·-
478 3335 572 3386 Faesus
584 3350 646 3386 usus
693 3334 761 3383 niu
776 3328 873 3384 Ovidii.
889 3331 979 3401 ltaque
995 3346 1023 3388 et
1037 3339 1203 3392 anteceden-

140 3412 220 3466 etiam
237 3423 292 3465 tarn
309 3413 337 3464 in
354 3411 504 3476 funeribus,
522 3429 601 3479 quam
617 3409 645 3461 iu
694 3407 760 3460 tium
769 3405 874 3461 dierum
883 3409 988 3478 quidam
999 3410 1129 3481 placandis
1139 3413 1205 3469 Ma-

112 3528 123 3547 .
140 3488 322 3559 parentalibus.
331 3488 400 3542 Vide
409 3487 528 3540 Kircbm.
536 3487 570 3540 de
577 3484 645 3541 Fun.
694 3483 769 3537 uibus
780 3484 1076 3541 dicutisueriutnecesse
1089 3500 1137 3544 est.
1150 3492 1203 3546 Sex

140 3567 187 3631 11,
203 3566 226 3617 3.
247 3564 298 3616 Eas
316 3564 384 3617 laces
401 3575 484 3634 poete
500 3563 594 3633 passim
610 3563 646 3617 sic
692 3559 773 3631 pedes
789 3564 910 3618 carminis
927 3565 1036 3635 intelligi
1055 3583 1129 3620 nunc
1144 3589 1199 3625 nou

140 3651 359 3712 compar-anteum
368 3641 541 3710 nuptialibus,
555 3651 583 3694 ut
592 3660 644 3694 nc.
693 3654 817 3710 possunt,
835 3655 865 3699 ut
881 3645 981 3699 Feralia
999 3646 1069 3700 Vlll
1086 3647 1199 3705 Kalend.

139 3721 261 3774 infaustas
272 3717 370 3786 nuptiis
385 3717 501 3787 praelatas
515 3720 546 3770 de
555 3716 646 3784 struere
693 3719 775 3774 Mart
787 3721 861 3776 linita
871 3724 939 3791 sint,
952 3736 1061 3796 propter
1073 3745 1138 3781 vers.
1151 3728 1200 3783 686

138 3809 227 3867 raptas
237 3795 325 3849 dicant
335 3815 341 3857 ς
361 3793 401 3846 Vl
418 3794 528 3847 Metam.
545 3794 602 3860 430.
613 3821 645 3835 -
693 3806 721 3849 et
731 3797 845 3850 Kalend.
856 3811 907 3854 ret
919 3830 953 3842 -
963 3805 1058 3865 lusca,
1078 3822 1135 3873 qua
1146 3804 1200 3857 de-

140 3877 272 3946 Tempore
280 3872 386 3925 lunesto
393 3871 472 3924 etiarn
480 3871 645 3925 statussDeo-
692 3873 889 3946 benturalicui,
903 3883 1059 3938 nominatim
1071 3883 1197 3949 mortuis,

140 3971 199 4006 euru
211 3955 238 4007 iu
248 3953 296 4006 viis
308 3968 396 4021 panno
406 3947 571 4015 velabantur,
582 3958 645 4002 tenr-
691 3953 787 4019 quibus
792 3954 869 4020 liuta
883 3958 1001 4030 velfien',
1015 3961 1057 4015 vel
1072 3964 1138 4014 solrr'
1151 3958 1198 4013 ‹ti-

135 4032 279 4099 plerunque
288 4028 362 4097 sores
380 4025 586 4095 claudebantur,
609 4047 643 4081 ue
691 4044 796 4087 cuntur.
