2692 4672
286 403 290 408 -
376 355 432 423 IN
464 355 647 425 ovlttll
671 354 882 426 ltssTos.
1096 362 1161 430 ⁵11

104 493 178 595 qui,
193 489 373 567 secundnm
387 486 519 564 labores
529 488 738 584 snosiusgro
748 488 904 575 colendo,
921 516 1043 565 sunum
1056 490 1091 566 in
1106 494 1166 568 de-

106 635 177 683 cem
195 623 304 707 partes
320 603 480 678 dividunt.
496 601 563 702 (V
555 631 649 710 «pege
664 601 704 676 de
720 602 773 676 M.
792 603 808 675 l
816 601 900 676 ’abbe
918 601 1096 708 cloppem
1114 609 1170 685 δι’,

108 722 206 806 beni,
227 734 299 793 tom.
318 718 408 805 ΙΙΙ,
423 747 459 821 p.
480 746 520 820 ¹7
535 734 567 793 et
586 717 666 818 18.)

152 837 204 912 IV
204 891 214 908 .
234 835 388 909 Fortasse
399 851 432 908 et
442 862 573 911 causum
587 833 687 934 bojus
700 832 927 907 Romanorum
935 831 1103 913 divisionis
1114 868 1169 916 re·

107 952 212 1054 perire
221 950 309 1039 licet,
321 978 393 1053 qne
403 979 472 1026 sese
480 950 589 1052 aliqua
599 947 832 1051 probabilitate
843 951 1059 1027 commendet
1068 957 1171 1057 Apud

106 1067 346 1155 Athenienses,
360 1084 400 1142 ut
413 1065 561 1169 populus
574 1066 611 1138 in
623 1064 734 1140 decem
746 1071 855 1164 polede,
873 1081 906 1138 et
921 1082 1054 1141 senatus
1066 1068 1102 1141 iu
1117 1089 1172 1145 tu-

107 1183 210 1256 tidem
234 1190 426 1281 πρυτανείας;
452 1184 498 1257 its
521 1182 617 1256 etium
640 1199 731 1256 totus
754 1210 860 1256 eunus
876 1183 913 1256 in
930 1182 1042 1258 decem
1060 1204 1171 1286 portes

109 1309 318 1398 (πρυτανείας)
333 1300 459 1374 divisus
477 1317 559 1387 erat,
578 1325 717 1399 quorum
734 1298 859 1399 quevis
875 1299 1010 1396 triginta
1024 1300 1172 1403 quinque

107 1414 156 1489 vel
175 1444 231 1491 ser
249 1416 317 1490 dies
338 1415 505 1500 habebat,
524 1431 557 1487 et
573 1412 609 1485 in
627 1414 750 1514 quibus
766 1414 905 1512 singulis
923 1416 1060 1513 singule
1077 1444 1172 1494 sene·

107 1549 162 1604 tus
185 1538 336 1629 πρύτανεις
361 1528 552 1630 reipublice
576 1548 744 1629 preerant.
767 1531 828 1604 Hae
855 1531 932 1607 anni
952 1551 1063 1632 partes
1078 1534 1173 1634 juxto

106 1674 236 1721 meuses
253 1661 430 1720 consuetos
446 1642 586 1719 solemni
602 1644 756 1720 divisioni
768 1646 1011 1731 inserviebant,
1033 1666 1071 1722 ut
1087 1678 1173 1725 mer-

108 1760 203 1835 cedes
216 1760 256 1836 ud
270 1788 382 1836 earum
397 1759 546 1833 ordinem
561 1757 776 1842 solverentur,
783 1778 845 1834 etc.
857 1779 889 1835 et
901 1762 981 1862 ipsae
995 1761 1173 1865 aliqnando

106 1906 168 1979 per
184 1879 326 1954 abusum
345 1894 432 1974 μῆνες
460 1896 619 1954 vocantur
635 1909 645 1954 ε
661 1878 734 1954 vide
751 1879 920 1952 Ammouii
947 1879 1058 1956 locum
1083 1885 1173 1984 apud

109 2000 210 2097 Neap.
232 1999 273 2070 ad
294 2000 330 2086 l,
349 2022 394 2098 29
414 2027 440 2071 s.
461 2006 672 2096 perpotasse.
699 1996 772 2069 Etsi
797 1995 897 2092 igitur
918 1998 1096 2100 scriptores
1113 2030 1174 2074 ro-

109 2113 198 2186 mani
211 2114 245 2186 iu
258 2112 337 2187 bist.
352 2111 507 2202 Romuli,
520 2112 561 2187 de
575 2112 674 2186 simili
686 2129 818 2187 senatus
826 2110 985 2189 divisione
1000 2134 1033 2189 et
1044 2116 1173 2218 imperii

108 2230 265 2331 pervices
278 2229 510 2305 tenendimore
522 2227 606 2304 nihil
620 2227 734 2316 edant,
750 2226 864 2301 Ovidii
875 2229 976 2303 verbs
991 2231 1077 2331 (ΠΙ,
1089 2235 1173 2336 127)

107 2344 243 2420 similem
260 2345 452 2422 divisionem
468 2374 538 2420 non
555 2346 696 2420 obscure
714 2342 879 2419 inuuunt:

243 2515 394 2585 ludentes
405 2520 414 2549 ¹
428 2526 537 2572 centum
550 2519 629 2569 deror
638 2513 749 2569 mevit
762 2512 790 2565 iu
800 2516 871 2567 orbes

291 2607 422 2661 Romulus
434 2625 441 2661 z

112 2764 244 2868 etquid
261 2767 384 2862 igitur,
401 2766 429 2840 si
446 2766 524 2841 anni
547 2782 656 2840 totum
670 2760 787 2838 orbern
805 2763 850 2837 ita
862 2821 872 2853 ,
886 2780 927 2837 ut
942 2763 978 2838 in
991 2765 1174 2845 Athenien·

111 2882 204 2961 sibus
218 2885 289 2960 lieri
313 2884 480 2973 videmus,
501 2882 698 2959 aRomanis
716 2881 812 2955 etiem
832 2897 907 2955 unte
927 2882 1092 2975 Numam,
1118 2887 1177 2988 qui

114 3035 132 3065 α
150 3004 280 3077 omnium
288 3003 406 3105 prinus
414 3028 527 3075 annum
538 3001 583 3076 od
589 3001 673 3074 luuoe
684 2998 827 3074 torsust'n
840 2997 997 3075 duodecim
1006 3002 1175 3078 numedi-

112 3117 179 3191 ot'st't
187 3151 202 3181 »
215 3138 398 3222 atempore,
412 3149 479 3221 quo
493 3126 630 3219 queque
640 3117 763 3192 decimo
774 3134 906 3190 senatus
915 3119 1176 3221 parsimperium

112 3233 205 3308 urbis
224 3250 365 3325 teneret,
381 3237 520 3310 divisum
535 3263 605 3309 esse
623 3237 862 3310 statueremus?
874 3251 908 3309 et
920 3234 1031 3311 decem
1045 3246 1176 3318 menses

113 3379 232 3453 pares,
251 3351 378 3425 circiter
395 3353 534 3438 totidem
552 3351 677 3427 dierum
694 3381 731 3426 oc
744 3365 932 3451 πρυτάνεωι,
950 3355 987 3428 in
1001 3384 1089 3432 anno
1105 3360 1177 3434 Ro·

114 3465 223 3539 muleo
246 3465 494 3567 acciperemus?
515 3466 659 3541 Nomius
674 3465 791 3543 barum
807 3468 975 3570 portium,
999 3498 1057 3546 sen
1081 3500 1176 3548 meu·

114 3579 200 3653 sium
214 3587 247 3668 ²,
266 3579 293 3653 si
310 3580 357 3653 ita
374 3606 427 3652 eos
445 3607 559 3655 vocare
576 3581 674 3668 licet,
690 3609 862 3657 suumero
879 3583 982 3684 petits
996 3612 1067 3659 esse
1081 3604 1178 3687 pote-

114 3714 205 3787 rant,
218 3723 236 3769 e
249 3695 371 3796 quibus
383 3696 491 3770 Numa
505 3694 652 3797 quedem
665 3696 762 3772 etism
776 3696 812 3770 iu
822 3697 992 3774 mensibus
1002 3698 1174 3775 lunaribus

133 3893 618 3965 ¹Aliipatmssedpmsjurepretuli.
667 3895 1173 3965 vemaequebeueametmzmsussm,

133 3975 145 4005 ²
156 3971 412 4042 Derlraturquidern
426 3970 504 4040 vulgo
519 3990 619 4025 nomeu
668 3971 785 4040 derives,
798 3973 834 4027 ita
843 3985 873 4028 ut
881 3975 916 4040 ii,
927 3973 971 4044 qui
982 3973 1059 4045 primi
1067 3972 1176 4029 bocuo-

118 4049 620 4120 meusiupts,itautuonuisidemenso
669 4051 1176 4123 menposuerunt,nonluuam,seddi·

118 4129 448 4202 lunarios-igiuitmdietrmr
456 4129 622 4188 serenus
669 4130 1153 4208 vidonemtntomauniresppreriut.
