2692 4672
393 285 447 352 IN
474 284 661 352 OVIDII
689 284 912 352 FASTOS.
1122 280 1187 349 503

121 424 306 509 Porsenna,
323 420 393 495 Liv.
409 423 476 509 ΙΙΙ,
493 419 555 507 65;
573 421 631 508 lv,
654 446 713 521 173
727 420 777 508 ΙΙ,
797 421 877 521 19),
894 439 964 496 tum
981 419 1044 496 diis
1056 419 1190 494 inferio·

122 535 214 609 ribus
229 552 262 609 et
283 533 472 610 domesticis
490 533 663 622 tribuitur,
683 551 716 606 et
736 562 871 635 prorsus
888 535 1087 639 respondere
1102 534 1190 608 vide·

124 673 178 727 tur
196 668 236 749 τῷ
248 668 325 751 ἥρως
341 653 525 753 priscorum
541 653 752 739 Graecorum,
771 650 863 751 quod
884 670 975 727 etate
992 654 1187 741 Homerica,

124 788 280 870 tanquam
311 768 484 870 epitheton
516 765 757 853 honorificum,
782 766 862 843 viris
892 765 989 840 claris
1022 767 1193 856 veniebat,

102 926 107 938 ·
123 900 240 984 postea
255 882 296 957 de
309 880 506 956 bominibus
522 881 635 955 divino
648 882 776 956 bonore
795 878 899 955 auctis
912 878 1082 955 dicebatur
1096 912 1104 955 ε
1119 882 1194 956 vide

123 998 223 1071 Scbn.
242 997 275 1070 b.
294 1026 324 1071 v.
344 996 384 1070 de
400 997 513 1072 herois
529 997 678 1073 notione.
697 1001 745 1073 Ut
762 1025 864 1100 porro
883 1013 974 1095 ἥρωες
992 1003 1140 1096 ἐπιχώριοι
1157 1000 1192 1074 in

126 1116 270 1204 Graecia,
287 1115 322 1189 id
339 1133 407 1204 est,
425 1114 486 1188 viri
502 1114 669 1189 demortui
691 1135 724 1191 et
741 1116 782 1191 (le
799 1117 930 1192 civitate
946 1145 1004 1192 sna
1019 1116 1104 1190 bene
1121 1144 1192 1191 me-

122 1230 179 1304 riti
195 1259 261 1303 una
275 1257 403 1332 semper
416 1257 491 1305 cum
504 1229 567 1304 diis
582 1230 769 1306 domesticis
785 1230 852 1306 coli
866 1230 1036 1319 solebant,
1048 1231 1094 1305 ita
1105 1233 1194 1333 apud

123 1349 292 1421 Romanos
317 1375 456 1448 quaeque
482 1347 619 1434 civitas,
644 1375 724 1441 gens
749 1364 782 1420 et
806 1347 927 1424 familia
952 1348 1108 1451 proprios
1129 1349 1193 1424 sibi

122 1463 268 1539 babebat
285 1466 405 1551 Lares,
422 1463 464 1536 ad
482 1491 569 1562 quos
587 1478 656 1536 tum
674 1462 737 1535 viri
753 1462 894 1539 civitatis
911 1465 1097 1567 principes,
1121 1483 1194 1541 tum

125 1578 329 1672 singularum
347 1576 495 1671 gentium
511 1592 645 1676 patres,
665 1575 787 1675 quibus
808 1577 857 1652 ris
879 1577 989 1679 aliqua
1012 1579 1045 1653 iu
1066 1579 1195 1656 samiliae

125 1692 265 1767 salutem
281 1691 509 1777 tribuebatur,
533 1691 752 1792 pertinebant.
777 1692 939 1771 Plautus:
954 1696 1028 1797 Ego
1043 1725 1109 1771 suin
1125 1698 1196 1772 Iar

113 1805 282 1907 somslr'on's
297 1833 339 1878 ca
355 1805 414 1878 lac
419 1805 548 1906 sarcilia
562 1863 570 1880 .
585 1863 593 1880 .
607 1864 614 1880 .
620 1807 814 1910 familiaque
835 1807 906 1885 Lar
918 1802 1028 1908 poter.
1041 1812 1189 1913 Aurpbit.

126 1918 255 2021 prolog.
272 1946 294 1994 2
306 1950 314 2009 ;
328 1923 431 1996 Merc.
450 1924 489 2011 V,
501 1940 537 2010 1,
556 1923 588 1997 5.
604 1924 688 1999 Post
701 1924 898 2024 apotheosin
912 1926 1032 2015 Cesar,
1046 1945 1079 2000 ct
1093 1929 1194 2001 Octa·

126 2035 241 2108 viauus
260 2061 300 2111 ex
320 2035 453 2110 urbium
474 2034 664 2111 adulatione
685 2037 751 2136 jam
775 2036 845 2138 718
862 2055 940 2138 post
964 2038 1053 2112 Sext.
1075 2040 1191 2140 Pomp.

126 2149 249 2223 victum
258 2149 298 2223 iis
308 2151 413 2225 additi
423 2169 519 2241 suut,
537 2153 630 2254 quod
641 2155 723 2227 Hor.
735 2155 794 2242 ΙΙΙ,
809 2174 845 2244 v,
856 2152 920 2241 33,
937 2154 1077 2231 heroum
1088 2153 1192 2229 cultui

124 2268 161 2343 iu
178 2269 302 2345 Graecia
319 2289 495 2371 comparat.

174 2388 226 2461 De
233 2388 448 2489 publicorum
455 2389 589 2467 larium
602 2406 705 2463 matre
715 2390 816 2477 Lara,
827 2391 1000 2478 Larunda,
1012 2389 1070 2465 dea
1081 2391 1194 2476 Muta,

127 2501 251 2592 Mona,
268 2505 368 2581 Manu
380 2506 505 2581 Geneta
523 2523 582 2579 etc.
600 2505 741 2606 denique
752 2504 791 2578 de
802 2505 980 2593 Manibus,
994 2505 1192 2591 Summano,

127 2617 325 2695 Lemuribus
343 2639 377 2695 et
392 2623 528 2713 barris,
545 2620 733 2724 exponendi
755 2621 959 2697 occasionem
983 2619 1098 2696 Ovidii
1121 2618 1196 2695 loca

126 2733 334 2834 praebebunt.

176 2850 337 2949 Quadam
350 2851 470 2927 addere
484 2851 581 2927 liceat
592 2852 634 2928 de
649 2852 784 2929 aliarum
797 2852 916 2928 veteris
927 2852 1030 2929 ltaliae
1044 2853 1191 2950 gentium

51 3046 55 3055 p
130 2966 193 3044 diis
215 2987 248 3044 et
265 2969 482 3067 religionibus
499 2970 708 3058 domesticis,
733 2999 805 3071 qnae
819 2969 897 3072 plus
915 2971 1064 3047 minusve
1079 2989 1194 3073 postea

130 3086 272 3162 Romam
287 3089 385 3164 etiam
399 3089 592 3184 migrarunt.
608 3091 659 3162 lta
675 3089 887 3189 potissimum
898 3089 1036 3176 Satrici,
1055 3087 1196 3162 Volsco-

131 3228 204 3272 rum
222 3205 325 3294 urbe,
348 3223 493 3280 sanctam
512 3206 650 3280 Matuta
668 3206 781 3280 matris
801 3206 904 3286 fuisse
926 3205 1118 3300 religionem
1135 3205 1196 3279 Li·

131 3319 204 3394 vius
215 3319 308 3418 (VI,
323 3321 389 3409 333
407 3325 492 3412 Vll,
505 3349 548 3423 27
563 3352 572 3411 3
586 3325 753 3408 XXVlll,
773 3323 838 3420 ιι)
853 3323 961 3396 tradit.
974 3322 1062 3396 Satis
1075 3339 1192 3397 notum

132 3454 200 3524 est,
219 3438 284 3511 boc
299 3465 421 3519 numen
432 3469 494 3539 pro
503 3439 679 3514 Leucothea
695 3439 885 3514 Graecorum
898 3467 1025 3540 semper
1039 3439 1191 3514 habitum

133 3584 211 3630 esse.
228 3560 350 3634 Veram
376 3574 485 3635 autem
507 3558 607 3658 bujus
628 3558 713 3647 deae,
741 3586 814 3659 qnae
835 3559 878 3633 ad
900 3559 1041 3659 priscam
1067 3556 1194 3632 ltaliam

133 3690 278 3774 spectat,
296 3674 467 3748 notionem
487 3678 657 3748 assecutus
676 3703 748 3751 esse
764 3675 898 3762 videor,
923 3674 953 3748 si
978 3675 1020 3749 ab
1041 3672 1196 3749 Lucretio

134 3788 280 3864 eamdem
297 3790 407 3888 prisco
428 3786 486 3861 illo
508 3817 607 3864 sensu
627 3788 672 3862 ab
696 3789 948 3890 interpolatione
967 3815 1069 3885 greca
1091 3786 1198 3862 libero

134 3904 319 3978 abhibitam
333 3904 453 3994 vidco;
472 3903 513 3979 dc
529 3933 638 3981 rerum
657 3905 796 3994 Natura,
814 3903 903 3980 libro
920 3908 973 3993 V,
997 3930 1079 3977 vers.
1104 3900 1196 3990 655,

137 4018 195 4093 ubi
213 4018 257 4093 ita
273 4020 362 4094 canit
377 4018 433 4096 ille
449 4038 560 4096 rates:
