<?xml version="1.0" encoding="UTF-8"?>
<!DOCTYPE html PUBLIC "-//W3C//DTD XHTML 1.0 Transitional//EN"
    "http://www.w3.org/TR/xhtml1/DTD/xhtml1-transitional.dtd">
<html xmlns="http://www.w3.org/1999/xhtml" xml:lang="en" lang="en">
 <head>
  <title>
</title>
<meta http-equiv="Content-Type" content="text/html;charset=utf-8" />
  <meta name='ocr-system' content='tesseract 3.04.00' />
  <meta name='ocr-capabilities' content='ocr_page ocr_carea ocr_par ocr_line ocrx_word'/>
</head>
<body>
  <div class='ocr_page' id='page_1' title='image "./publiiovidiinas08massgoog/publiiovidiinas08massgoog_0507.png"; bbox 0 0 2692 4672; ppageno 0'>
   <div class='ocr_carea' id='block_1_1' title="bbox 202 298 874 370">
    <p class='ocr_par' dir='ltr' id='par_1_1' title="bbox 202 298 874 370">
     <span class='ocr_line' id='line_1_1' title="bbox 202 298 874 370; baseline 0.007 -5"><span class='ocrx_word' id='word_1_1' title='bbox 202 303 267 366; x_wconf 62' lang='grc' dir='ltr'>ὅσα</span> <span class='ocrx_word' id='word_1_2' title='bbox 591 298 874 370; x_wconf 84' lang='lat' dir='ltr'>EXCURSUS</span> 
     </span>
    </p>
   </div>
   <div class='ocr_carea' id='block_1_2' title="bbox 197 436 1277 4138">
    <p class='ocr_par' dir='ltr' id='par_1_2' title="bbox 199 436 1268 633">
     <span class='ocr_line' id='line_1_2' title="bbox 199 436 1268 543; baseline 0.004 -30"><span class='ocrx_word' id='word_1_3' title='bbox 199 439 369 543; x_wconf 83' lang='lat' dir='ltr'>repentina</span> <span class='ocrx_word' id='word_1_4' title='bbox 394 437 473 535; x_wconf 77' lang='lat' dir='ltr'>suga</span> <span class='ocrx_word' id='word_1_5' title='bbox 496 465 633 536; x_wconf 70' lang='lat' dir='ltr'>gregum</span> <span class='ocrx_word' id='word_1_6' title='bbox 655 442 779 518; x_wconf 78' lang='lat' dir='ltr'>Faunis</span> <span class='ocrx_word' id='word_1_7' title='bbox 800 441 979 530; x_wconf 77' lang='lat' dir='ltr'>tribuitur,</span> <span class='ocrx_word' id='word_1_8' title='bbox 1000 441 1069 540; x_wconf 84' lang='lat' dir='ltr'>jam</span> <span class='ocrx_word' id='word_1_9' title='bbox 1092 436 1181 517; x_wconf 79' lang='lat' dir='ltr'>Pani</span> <span class='ocrx_word' id='word_1_10' title='bbox 1207 468 1268 516; x_wconf 84' lang='lat' dir='ltr'>suo</span> 
     </span>
     <span class='ocr_line' id='line_1_3' title="bbox 200 557 560 633; baseline 0.003 -3"><span class='ocrx_word' id='word_1_11' title='bbox 200 557 384 631; x_wconf 88' lang='lat' dir='ltr'>tribuerant</span> <span class='ocrx_word' id='word_1_12' title='bbox 402 557 560 633; x_wconf 76' lang='lat' dir='ltr'><strong>Arcades.</strong></span> 
     </span>
    </p>

    <p class='ocr_par' dir='ltr' id='par_1_3' title="bbox 197 675 1277 3675">
     <span class='ocr_line' id='line_1_4' title="bbox 248 675 1264 780; baseline 0.004 -30"><span class='ocrx_word' id='word_1_13' title='bbox 248 676 418 751; x_wconf 83' lang='lat' dir='ltr'>Pertinent</span> <span class='ocrx_word' id='word_1_14' title='bbox 432 706 535 780; x_wconf 88' lang='lat' dir='ltr'>porro</span> <span class='ocrx_word' id='word_1_15' title='bbox 547 677 663 752; x_wconf 89' lang='lat' dir='ltr'>adhoc</span> <span class='ocrx_word' id='word_1_16' title='bbox 673 676 926 775; x_wconf 79' lang='lat' dir='ltr'>geuusCaueus,</span> <span class='ocrx_word' id='word_1_17' title='bbox 948 675 1082 778; x_wconf 59' lang='lat' dir='ltr'>Egens,</span> <span class='ocrx_word' id='word_1_18' title='bbox 1102 675 1264 765; x_wconf 56' lang='lat' dir='ltr'>&amp;meum</span> 
     </span>
     <span class='ocr_line' id='line_1_5' title="bbox 203 790 1267 896; baseline 0.004 -31"><span class='ocrx_word' id='word_1_19' title='bbox 203 791 382 879; x_wconf 81' lang='lat' dir='ltr'>Carmenta,</span> <span class='ocrx_word' id='word_1_20' title='bbox 401 795 546 869; x_wconf 83' lang='lat' dir='ltr'>Pom&#39;mo</span> <span class='ocrx_word' id='word_1_21' title='bbox 556 810 588 868; x_wconf 83' lang='lat' dir='ltr'>et</span> <span class='ocrx_word' id='word_1_22' title='bbox 600 795 761 869; x_wconf 80' lang='lat' dir='ltr'>Postverta</span> <span class='ocrx_word' id='word_1_23' title='bbox 776 799 793 892; x_wconf 94' lang='lat'>(</span> <span class='ocrx_word' id='word_1_24' title='bbox 802 793 901 869; x_wconf 75' lang='lat' dir='ltr'>ovid.</span> <span class='ocrx_word' id='word_1_25' title='bbox 919 794 959 881; x_wconf 94' lang='lat' dir='ltr'>l,</span> <span class='ocrx_word' id='word_1_26' title='bbox 974 790 1074 892; x_wconf 83' lang='lat'>635)</span> <span class='ocrx_word' id='word_1_27' title='bbox 1091 791 1137 866; x_wconf 92' lang='lat' dir='ltr'>de</span> <span class='ocrx_word' id='word_1_28' title='bbox 1146 794 1267 896; x_wconf 83' lang='lat' dir='ltr'>quibus</span> 
     </span>
     <span class='ocr_line' id='line_1_6' title="bbox 199 905 1267 1010; baseline 0 -30"><span class='ocrx_word' id='word_1_29' title='bbox 199 906 241 980; x_wconf 93' lang='lat' dir='ltr'>ad</span> <span class='ocrx_word' id='word_1_30' title='bbox 258 908 415 983; x_wconf 87' lang='lat' dir='ltr'>Ovidium</span> <span class='ocrx_word' id='word_1_31' title='bbox 431 911 554 1010; x_wconf 89' lang='lat' dir='ltr'>passim</span> <span class='ocrx_word' id='word_1_32' title='bbox 572 908 737 1004; x_wconf 80' lang='lat' dir='ltr'>agendum</span> <span class='ocrx_word' id='word_1_33' title='bbox 755 926 816 982; x_wconf 86' lang='lat' dir='ltr'>est.</span> <span class='ocrx_word' id='word_1_34' title='bbox 834 908 946 983; x_wconf 78' lang='lat' dir='ltr'>Etiam</span> <span class='ocrx_word' id='word_1_35' title='bbox 963 905 1083 980; x_wconf 60' lang='lat' dir='ltr'>Maras</span> <span class='ocrx_word' id='word_1_36' title='bbox 1098 907 1267 982; x_wconf 89' lang='lat' dir='ltr'>oracnluni</span> 
     </span>
     <span class='ocr_line' id='line_1_7' title="bbox 199 1018 1268 1124; baseline 0.001 -30"><span class='ocrx_word' id='word_1_37' title='bbox 199 1022 287 1122; x_wconf 88' lang='lat' dir='ltr'>apud</span> <span class='ocrx_word' id='word_1_38' title='bbox 302 1023 507 1118; x_wconf 75' lang='lat' dir='ltr'>Aborigines</span> <span class='ocrx_word' id='word_1_39' title='bbox 519 1023 621 1098; x_wconf 84' lang='lat' dir='ltr'>babet</span> <span class='ocrx_word' id='word_1_40' title='bbox 636 1023 775 1124; x_wconf 78' lang='lat' dir='ltr'>Dionys.</span> <span class='ocrx_word' id='word_1_41' title='bbox 786 1024 820 1111; x_wconf 92' lang='lat' dir='ltr'>l,</span> <span class='ocrx_word' id='word_1_42' title='bbox 839 1023 904 1115; x_wconf 71' lang='lat'>¹4³</span> <span class='ocrx_word' id='word_1_43' title='bbox 918 1020 979 1094; x_wconf 90' lang='lat' dir='ltr'>nbi</span> <span class='ocrx_word' id='word_1_44' title='bbox 995 1018 1096 1121; x_wconf 86' lang='lat' dir='ltr'>picus</span> <span class='ocrx_word' id='word_1_45' title='bbox 1111 1019 1268 1095; x_wconf 76' lang='lat' dir='ltr'>columna</span> 
     </span>
     <span class='ocr_line' id='line_1_8' title="bbox 200 1134 1268 1240; baseline 0 -30"><span class='ocrx_word' id='word_1_46' title='bbox 200 1136 315 1235; x_wconf 73' lang='lat' dir='ltr'>lignea</span> <span class='ocrx_word' id='word_1_47' title='bbox 336 1134 484 1215; x_wconf 85' lang='lat' dir='ltr'>insidens</span> <span class='ocrx_word' id='word_1_48' title='bbox 502 1140 639 1214; x_wconf 86' lang='lat' dir='ltr'>deornm</span> <span class='ocrx_word' id='word_1_49' title='bbox 654 1137 858 1213; x_wconf 80' lang='lat' dir='ltr'>voluntatem</span> <span class='ocrx_word' id='word_1_50' title='bbox 875 1136 1025 1240; x_wconf 81' lang='lat' dir='ltr'>exponit</span> <span class='ocrx_word' id='word_1_51' title='bbox 1039 1136 1131 1211; x_wconf 82' lang='lat' dir='ltr'>Jnro</span> <span class='ocrx_word' id='word_1_52' title='bbox 1140 1135 1268 1211; x_wconf 82' lang='lat' dir='ltr'>oracula</span> 
     </span>
     <span class='ocr_line' id='line_1_9' title="bbox 200 1252 1269 1357; baseline -0.001 -30"><span class='ocrx_word' id='word_1_53' title='bbox 200 1253 301 1329; x_wconf 88' lang='lat' dir='ltr'>edens</span> <span class='ocrx_word' id='word_1_54' title='bbox 316 1255 394 1357; x_wconf 88' lang='lat' dir='ltr'>plus</span> <span class='ocrx_word' id='word_1_55' title='bbox 413 1254 511 1331; x_wconf 88' lang='lat' dir='ltr'>semel</span> <span class='ocrx_word' id='word_1_56' title='bbox 529 1257 673 1330; x_wconf 77' lang='lat' dir='ltr'>occurrit</span> <span class='ocrx_word' id='word_1_57' title='bbox 689 1286 719 1328; x_wconf 89' lang='lat' dir='ltr'>v.</span> <span class='ocrx_word' id='word_1_58' title='bbox 737 1283 767 1329; x_wconf 89' lang='lat' dir='ltr'>c.</span> <span class='ocrx_word' id='word_1_59' title='bbox 783 1256 819 1330; x_wconf 90' lang='lat' dir='ltr'>in</span> <span class='ocrx_word' id='word_1_60' title='bbox 833 1252 1112 1356; x_wconf 78' lang='lat' dir='ltr'>luco&#39;Exquilino</span> <span class='ocrx_word' id='word_1_61' title='bbox 1124 1253 1191 1327; x_wconf 87' lang='lat' dir='ltr'>sub</span> <span class='ocrx_word' id='word_1_62' title='bbox 1207 1281 1269 1326; x_wconf 87' lang='lat' dir='ltr'>no·</span> 
     </span>
     <span class='ocr_line' id='line_1_10' title="bbox 199 1368 1265 1471; baseline -0.008 -23"><span class='ocrx_word' id='word_1_63' title='bbox 199 1373 289 1448; x_wconf 86' lang='lat' dir='ltr'>mine</span> <span class='ocrx_word' id='word_1_64' title='bbox 305 1373 438 1448; x_wconf 77' lang='lat' dir='ltr'>Lucina</span> <span class='ocrx_word' id='word_1_65' title='bbox 455 1377 472 1468; x_wconf 92' lang='lat'>(</span> <span class='ocrx_word' id='word_1_66' title='bbox 487 1376 575 1448; x_wconf 81' lang='lat' dir='ltr'>Fast.</span> <span class='ocrx_word' id='word_1_67' title='bbox 592 1374 645 1460; x_wconf 89' lang='lat' dir='ltr'>ll,</span> <span class='ocrx_word' id='word_1_68' title='bbox 664 1373 735 1466; x_wconf 68' lang='lat'>440</span> <span class='ocrx_word' id='word_1_69' title='bbox 747 1372 774 1471; x_wconf 96' lang='lat'>).</span> <span class='ocrx_word' id='word_1_70' title='bbox 796 1371 853 1445; x_wconf 85' lang='lat' dir='ltr'>Ab</span> <span class='ocrx_word' id='word_1_71' title='bbox 870 1371 985 1446; x_wconf 90' lang='lat' dir='ltr'>eadem</span> <span class='ocrx_word' id='word_1_72' title='bbox 1002 1368 1112 1444; x_wconf 82' lang='lat' dir='ltr'>futura</span> <span class='ocrx_word' id='word_1_73' title='bbox 1124 1395 1265 1468; x_wconf 73' lang='lat' dir='ltr'>premo-</span> 
     </span>
     <span class='ocr_line' id='line_1_11' title="bbox 199 1482 1265 1589; baseline -0.006 -27"><span class='ocrx_word' id='word_1_74' title='bbox 199 1490 299 1563; x_wconf 86' lang='lat' dir='ltr'>nendi</span> <span class='ocrx_word' id='word_1_75' title='bbox 312 1489 483 1579; x_wconf 78' lang='lat' dir='ltr'>facultate,</span> <span class='ocrx_word' id='word_1_76' title='bbox 493 1508 528 1566; x_wconf 90' lang='lat' dir='ltr'>et</span> <span class='ocrx_word' id='word_1_77' title='bbox 539 1489 758 1588; x_wconf 86' lang='lat' dir='ltr'>monitisejus</span> <span class='ocrx_word' id='word_1_78' title='bbox 769 1488 807 1562; x_wconf 91' lang='lat' dir='ltr'>in</span> <span class='ocrx_word' id='word_1_79' title='bbox 822 1485 1014 1589; x_wconf 74' lang='lat' dir='ltr'>reipublice</span> <span class='ocrx_word' id='word_1_80' title='bbox 1028 1482 1265 1560; x_wconf 71' lang='lat' dir='ltr'>calamitatibus</span> 
     </span>
     <span class='ocr_line' id='line_1_12' title="bbox 198 1599 1268 1708; baseline -0.006 -31"><span class='ocrx_word' id='word_1_81' title='bbox 198 1604 304 1679; x_wconf 88' lang='lat' dir='ltr'>audiri</span> <span class='ocrx_word' id='word_1_82' title='bbox 315 1607 462 1695; x_wconf 88' lang='lat' dir='ltr'>creditis,</span> <span class='ocrx_word' id='word_1_83' title='bbox 478 1625 594 1708; x_wconf 87' lang='lat' dir='ltr'>postea</span> <span class='ocrx_word' id='word_1_84' title='bbox 605 1602 750 1680; x_wconf 78' lang='lat' dir='ltr'>Monetae</span> <span class='ocrx_word' id='word_1_85' title='bbox 764 1632 886 1679; x_wconf 86' lang='lat' dir='ltr'>nomen</span> <span class='ocrx_word' id='word_1_86' title='bbox 904 1602 1042 1705; x_wconf 87' lang='lat' dir='ltr'>accepit.</span> <span class='ocrx_word' id='word_1_87' title='bbox 1061 1599 1218 1703; x_wconf 76' lang='lat' dir='ltr'>Inprimis</span> <span class='ocrx_word' id='word_1_88' title='bbox 1232 1599 1268 1671; x_wconf 92' lang='lat' dir='ltr'>iu</span> 
     </span>
     <span class='ocr_line' id='line_1_13' title="bbox 200 1718 1270 1822; baseline -0.002 -29"><span class='ocrx_word' id='word_1_89' title='bbox 200 1719 338 1796; x_wconf 87' lang='lat' dir='ltr'>historia</span> <span class='ocrx_word' id='word_1_90' title='bbox 355 1721 550 1796; x_wconf 88' lang='lat' dir='ltr'>Sabinarum</span> <span class='ocrx_word' id='word_1_91' title='bbox 572 1738 742 1822; x_wconf 85' lang='lat' dir='ltr'>raptarum</span> <span class='ocrx_word' id='word_1_92' title='bbox 763 1721 889 1796; x_wconf 87' lang='lat' dir='ltr'>mentio</span> <span class='ocrx_word' id='word_1_93' title='bbox 910 1721 950 1795; x_wconf 88' lang='lat' dir='ltr'>lit</span> <span class='ocrx_word' id='word_1_94' title='bbox 975 1719 1090 1806; x_wconf 70' lang='lat' dir='ltr'>Consi,</span> <span class='ocrx_word' id='word_1_95' title='bbox 1115 1718 1270 1792; x_wconf 79' lang='lat' dir='ltr'>daemonis</span> 
     </span>
     <span class='ocr_line' id='line_1_14' title="bbox 201 1835 1270 1938; baseline -0.005 -27"><span class='ocrx_word' id='word_1_96' title='bbox 201 1855 352 1911; x_wconf 76' lang='lat' dir='ltr'>caeterum</span> <span class='ocrx_word' id='word_1_97' title='bbox 374 1835 501 1933; x_wconf 78' lang='lat' dir='ltr'>ignoti,</span> <span class='ocrx_word' id='word_1_98' title='bbox 525 1836 582 1938; x_wconf 81' lang='lat' dir='ltr'>qui</span> <span class='ocrx_word' id='word_1_99' title='bbox 606 1837 753 1912; x_wconf 85' lang='lat' dir='ltr'>Romulo</span> <span class='ocrx_word' id='word_1_100' title='bbox 777 1836 951 1912; x_wconf 89' lang='lat' dir='ltr'>consilium</span> <span class='ocrx_word' id='word_1_101' title='bbox 973 1835 1015 1911; x_wconf 89' lang='lat' dir='ltr'>de</span> <span class='ocrx_word' id='word_1_102' title='bbox 1039 1837 1148 1938; x_wconf 87' lang='lat' dir='ltr'>raptis</span> <span class='ocrx_word' id='word_1_103' title='bbox 1171 1835 1270 1931; x_wconf 81' lang='lat' dir='ltr'>virgi-</span> 
     </span>
     <span class='ocr_line' id='line_1_15' title="bbox 197 1951 1271 2055; baseline -0.001 -31"><span class='ocrx_word' id='word_1_104' title='bbox 197 1951 301 2027; x_wconf 87' lang='lat' dir='ltr'>nibus</span> <span class='ocrx_word' id='word_1_105' title='bbox 314 1952 554 2055; x_wconf 75' lang='lat' dir='ltr'>suppeditavit,</span> <span class='ocrx_word' id='word_1_106' title='bbox 568 1954 735 2052; x_wconf 58' lang='lat' dir='ltr'>(Kone,</span> <span class='ocrx_word' id='word_1_107' title='bbox 752 1959 891 2048; x_wconf 61' lang='grc' dir='ltr'>βουλιῐος</span> <span class='ocrx_word' id='word_1_108' title='bbox 905 1953 1107 2051; x_wconf 80' lang='lat' dir='ltr'>Plutarch.)</span> <span class='ocrx_word' id='word_1_109' title='bbox 1124 1951 1161 2025; x_wconf 94' lang='lat' dir='ltr'>in</span> <span class='ocrx_word' id='word_1_110' title='bbox 1175 1952 1271 2048; x_wconf 84' lang='lat' dir='ltr'>cujus</span> 
     </span>
     <span class='ocr_line' id='line_1_16' title="bbox 201 2065 1270 2172; baseline -0.004 -31"><span class='ocrx_word' id='word_1_111' title='bbox 201 2066 361 2142; x_wconf 88' lang='lat' dir='ltr'>bonorem</span> <span class='ocrx_word' id='word_1_112' title='bbox 384 2070 561 2145; x_wconf 82' lang='lat' dir='ltr'>Consualia</span> <span class='ocrx_word' id='word_1_113' title='bbox 586 2072 746 2148; x_wconf 85' lang='lat' dir='ltr'>celebrata</span> <span class='ocrx_word' id='word_1_114' title='bbox 773 2090 880 2160; x_wconf 89' lang='lat' dir='ltr'>sunt,</span> <span class='ocrx_word' id='word_1_115' title='bbox 905 2069 1031 2172; x_wconf 85' lang='lat' dir='ltr'>quique</span> <span class='ocrx_word' id='word_1_116' title='bbox 1053 2067 1147 2143; x_wconf 89' lang='lat' dir='ltr'>baud</span> <span class='ocrx_word' id='word_1_117' title='bbox 1170 2065 1270 2141; x_wconf 89' lang='lat' dir='ltr'>dubie</span> 
     </span>
     <span class='ocr_line' id='line_1_17' title="bbox 201 2180 1269 2287; baseline -0.004 -29"><span class='ocrx_word' id='word_1_118' title='bbox 201 2184 331 2259; x_wconf 88' lang='lat' dir='ltr'>consilii</span> <span class='ocrx_word' id='word_1_119' title='bbox 350 2213 471 2287; x_wconf 76' lang='lat' dir='ltr'>praeses</span> <span class='ocrx_word' id='word_1_120' title='bbox 486 2184 569 2275; x_wconf 74' lang='lat' dir='ltr'>linit,</span> <span class='ocrx_word' id='word_1_121' title='bbox 586 2203 625 2261; x_wconf 89' lang='lat' dir='ltr'>nt</span> <span class='ocrx_word' id='word_1_122' title='bbox 638 2214 759 2262; x_wconf 90' lang='lat' dir='ltr'>nomen</span> <span class='ocrx_word' id='word_1_123' title='bbox 781 2188 890 2286; x_wconf 88' lang='lat' dir='ltr'>ipsum</span> <span class='ocrx_word' id='word_1_124' title='bbox 909 2182 1041 2284; x_wconf 63' lang='lat' dir='ltr'>produn</span> <span class='ocrx_word' id='word_1_125' title='bbox 1066 2181 1156 2256; x_wconf 85' lang='lat' dir='ltr'>conf.</span> <span class='ocrx_word' id='word_1_126' title='bbox 1179 2180 1269 2255; x_wconf 80' lang='lat' dir='ltr'>Plut.</span> 
     </span>
     <span class='ocr_line' id='line_1_18' title="bbox 202 2294 1272 2403; baseline -0.007 -27"><span class='ocrx_word' id='word_1_127' title='bbox 202 2303 301 2380; x_wconf 85' lang='lat' dir='ltr'>Rom.</span> <span class='ocrx_word' id='word_1_128' title='bbox 317 2301 470 2390; x_wconf 81' lang='lat' dir='ltr'>xl11,3;</span> <span class='ocrx_word' id='word_1_129' title='bbox 488 2302 629 2403; x_wconf 82' lang='lat' dir='ltr'>Dionys.</span> <span class='ocrx_word' id='word_1_130' title='bbox 639 2301 690 2387; x_wconf 90' lang='lat' dir='ltr'>ll,</span> <span class='ocrx_word' id='word_1_131' title='bbox 706 2301 762 2373; x_wconf 79' lang='lat'>32.</span> <span class='ocrx_word' id='word_1_132' title='bbox 778 2301 815 2374; x_wconf 88' lang='lat' dir='ltr'>Si</span> <span class='ocrx_word' id='word_1_133' title='bbox 828 2299 989 2400; x_wconf 87' lang='lat' dir='ltr'>denique,</span> <span class='ocrx_word' id='word_1_134' title='bbox 1005 2297 1098 2399; x_wconf 88' lang='lat' dir='ltr'>quod</span> <span class='ocrx_word' id='word_1_135' title='bbox 1111 2296 1167 2370; x_wconf 80' lang='lat' dir='ltr'>rix</span> <span class='ocrx_word' id='word_1_136' title='bbox 1178 2294 1272 2370; x_wconf 87' lang='lat' dir='ltr'>aliter</span> 
     </span>
     <span class='ocr_line' id='line_1_19' title="bbox 202 2413 1272 2519; baseline -0.003 -29"><span class='ocrx_word' id='word_1_137' title='bbox 202 2443 238 2490; x_wconf 84' lang='lat' dir='ltr'>se</span> <span class='ocrx_word' id='word_1_138' title='bbox 258 2414 379 2491; x_wconf 84' lang='lat' dir='ltr'>babere</span> <span class='ocrx_word' id='word_1_139' title='bbox 404 2435 544 2519; x_wconf 89' lang='lat' dir='ltr'>potest,</span> <span class='ocrx_word' id='word_1_140' title='bbox 571 2419 716 2491; x_wconf 75' lang='lat' dir='ltr'>Minerva</span> <span class='ocrx_word' id='word_1_141' title='bbox 738 2417 780 2489; x_wconf 92' lang='lat' dir='ltr'>ad</span> <span class='ocrx_word' id='word_1_142' title='bbox 802 2433 923 2490; x_wconf 86' lang='lat' dir='ltr'>terram</span> <span class='ocrx_word' id='word_1_143' title='bbox 947 2413 1085 2488; x_wconf 87' lang='lat' dir='ltr'>latinam</span> <span class='ocrx_word' id='word_1_144' title='bbox 1108 2414 1272 2516; x_wconf 85' lang='lat' dir='ltr'>pertinet,</span> 
     </span>
     <span class='ocr_line' id='line_1_20' title="bbox 201 2530 1277 2631; baseline -0.003 -24"><span class='ocrx_word' id='word_1_145' title='bbox 201 2560 279 2607; x_wconf 79' lang='lat' dir='ltr'>mox</span> <span class='ocrx_word' id='word_1_146' title='bbox 295 2560 372 2606; x_wconf 90' lang='lat' dir='ltr'>cnm</span> <span class='ocrx_word' id='word_1_147' title='bbox 383 2531 514 2606; x_wconf 87' lang='lat' dir='ltr'>Pallade</span> <span class='ocrx_word' id='word_1_148' title='bbox 530 2560 633 2628; x_wconf 77' lang='lat' dir='ltr'>graeca</span> <span class='ocrx_word' id='word_1_149' title='bbox 647 2549 865 2621; x_wconf 85' lang='lat' dir='ltr'>commutata,</span> <span class='ocrx_word' id='word_1_150' title='bbox 883 2531 953 2606; x_wconf 80' lang='lat' dir='ltr'>haec</span> <span class='ocrx_word' id='word_1_151' title='bbox 966 2530 1063 2604; x_wconf 91' lang='lat' dir='ltr'>etiam</span> <span class='ocrx_word' id='word_1_152' title='bbox 1077 2530 1119 2604; x_wconf 93' lang='lat' dir='ltr'>ad</span> <span class='ocrx_word' id='word_1_153' title='bbox 1133 2559 1187 2619; x_wconf 75' lang='lat' dir='ltr'>eo,</span> <span class='ocrx_word' id='word_1_154' title='bbox 1200 2558 1277 2631; x_wconf 71' lang='lat' dir='ltr'>qua</span> 
     </span>
     <span class='ocr_line' id='line_1_21' title="bbox 202 2646 1273 2752; baseline -0.003 -29"><span class='ocrx_word' id='word_1_155' title='bbox 202 2649 341 2726; x_wconf 89' lang='lat' dir='ltr'>consilio</span> <span class='ocrx_word' id='word_1_156' title='bbox 358 2656 394 2724; x_wconf 88' lang='lat' dir='ltr'>et&#39;</span> <span class='ocrx_word' id='word_1_157' title='bbox 407 2649 567 2752; x_wconf 85' lang='lat' dir='ltr'>sapientia</span> <span class='ocrx_word' id='word_1_158' title='bbox 586 2670 645 2722; x_wconf 87' lang='lat' dir='ltr'>sna</span> <span class='ocrx_word' id='word_1_159' title='bbox 665 2649 818 2724; x_wconf 82' lang='lat' dir='ltr'>homines</span> <span class='ocrx_word' id='word_1_160' title='bbox 832 2665 965 2723; x_wconf 84' lang='lat' dir='ltr'>monere</span> <span class='ocrx_word' id='word_1_161' title='bbox 981 2665 1016 2720; x_wconf 86' lang='lat' dir='ltr'>et</span> <span class='ocrx_word' id='word_1_162' title='bbox 1030 2646 1187 2747; x_wconf 83' lang='lat' dir='ltr'>adjuvare</span> <span class='ocrx_word' id='word_1_163' title='bbox 1204 2675 1273 2720; x_wconf 86' lang='lat' dir='ltr'>cre-</span> 
     </span>
     <span class='ocr_line' id='line_1_22' title="bbox 204 2761 1276 2866; baseline -0.004 -27"><span class='ocrx_word' id='word_1_164' title='bbox 204 2766 368 2841; x_wconf 89' lang='lat' dir='ltr'>debantur</span> <span class='ocrx_word' id='word_1_165' title='bbox 382 2766 517 2841; x_wconf 86' lang='lat' dir='ltr'>numina</span> <span class='ocrx_word' id='word_1_166' title='bbox 530 2822 540 2853; x_wconf 96' lang='lat'>,</span> <span class='ocrx_word' id='word_1_167' title='bbox 561 2766 725 2866; x_wconf 82' lang='lat' dir='ltr'>pertinere</span> <span class='ocrx_word' id='word_1_168' title='bbox 739 2765 848 2841; x_wconf 84' lang='lat' dir='ltr'>debet.</span> <span class='ocrx_word' id='word_1_169' title='bbox 869 2767 1062 2839; x_wconf 77' lang='lat' dir='ltr'>Menerrare</span> <span class='ocrx_word' id='word_1_170' title='bbox 1079 2765 1167 2837; x_wconf 92' lang='lat' dir='ltr'>enim</span> <span class='ocrx_word' id='word_1_171' title='bbox 1182 2761 1276 2835; x_wconf 89' lang='lat' dir='ltr'>anti-</span> 
     </span>
     <span class='ocr_line' id='line_1_23' title="bbox 202 2877 1274 2986; baseline -0.007 -27"><span class='ocrx_word' id='word_1_172' title='bbox 202 2885 259 2986; x_wconf 89' lang='lat' dir='ltr'>qui</span> <span class='ocrx_word' id='word_1_173' title='bbox 275 2884 430 2958; x_wconf 87' lang='lat' dir='ltr'>dicebant</span> <span class='ocrx_word' id='word_1_174' title='bbox 445 2912 508 2986; x_wconf 89' lang='lat' dir='ltr'>pro</span> <span class='ocrx_word' id='word_1_175' title='bbox 525 2910 658 2956; x_wconf 88' lang='lat' dir='ltr'>monere</span> <span class='ocrx_word' id='word_1_176' title='bbox 675 2882 782 2981; x_wconf 86' lang='lat' dir='ltr'>(Fest.</span> <span class='ocrx_word' id='word_1_177' title='bbox 799 2883 1050 2983; x_wconf 69' lang='lat' dir='ltr'>praeuenerent),</span> <span class='ocrx_word' id='word_1_178' title='bbox 1070 2896 1101 2953; x_wconf 85' lang='lat' dir='ltr'>et</span> <span class='ocrx_word' id='word_1_179' title='bbox 1116 2877 1274 2952; x_wconf 83' lang='lat' dir='ltr'>Minerva</span> 
     </span>
     <span class='ocr_line' id='line_1_24' title="bbox 203 2993 1269 3100; baseline -0.009 -25"><span class='ocrx_word' id='word_1_180' title='bbox 203 3002 306 3098; x_wconf 73' lang='lat' dir='ltr'>igitur</span> <span class='ocrx_word' id='word_1_181' title='bbox 321 3001 467 3073; x_wconf 90' lang='lat' dir='ltr'>eamdem</span> <span class='ocrx_word' id='word_1_182' title='bbox 490 3001 683 3087; x_wconf 88' lang='lat' dir='ltr'>notionem,</span> <span class='ocrx_word' id='word_1_183' title='bbox 712 3026 812 3100; x_wconf 89' lang='lat' dir='ltr'>quam</span> <span class='ocrx_word' id='word_1_184' title='bbox 837 3028 866 3071; x_wconf 88' lang='lat' dir='ltr'>r.</span> <span class='ocrx_word' id='word_1_185' title='bbox 891 3026 917 3070; x_wconf 94' lang='lat' dir='ltr'>c.</span> <span class='ocrx_word' id='word_1_186' title='bbox 945 3000 1100 3083; x_wconf 84' lang='lat' dir='ltr'>Moneta,</span> <span class='ocrx_word' id='word_1_187' title='bbox 1119 2993 1269 3067; x_wconf 82' lang='lat' dir='ltr'>offerret.</span> 
     </span>
     <span class='ocr_line' id='line_1_25' title="bbox 204 3110 1277 3215; baseline -0.008 -21"><span class='ocrx_word' id='word_1_188' title='bbox 204 3122 305 3194; x_wconf 85' lang='lat' dir='ltr'>Recte</span> <span class='ocrx_word' id='word_1_189' title='bbox 330 3116 434 3215; x_wconf 81' lang='lat' dir='ltr'>igitur</span> <span class='ocrx_word' id='word_1_190' title='bbox 453 3116 489 3190; x_wconf 90' lang='lat' dir='ltr'>iu</span> <span class='ocrx_word' id='word_1_191' title='bbox 512 3117 599 3190; x_wconf 88' lang='lat' dir='ltr'>hauc</span> <span class='ocrx_word' id='word_1_192' title='bbox 620 3117 815 3191; x_wconf 86' lang='lat' dir='ltr'>senteutiam</span> <span class='ocrx_word' id='word_1_193' title='bbox 831 3119 974 3190; x_wconf 86' lang='lat' dir='ltr'>Festus:</span> <span class='ocrx_word' id='word_1_194' title='bbox 992 3116 1162 3200; x_wconf 68' lang='lat' dir='ltr'>Matreu,</span> <span class='ocrx_word' id='word_1_195' title='bbox 1191 3110 1277 3214; x_wconf 81' lang='lat' dir='ltr'>quod</span> 
     </span>
     <span class='ocr_line' id='line_1_26' title="bbox 201 3225 1270 3334; baseline -0.008 -28"><span class='ocrx_word' id='word_1_196' title='bbox 201 3235 275 3309; x_wconf 77' lang='lat' dir='ltr'>bene</span> <span class='ocrx_word' id='word_1_197' title='bbox 290 3248 435 3318; x_wconf 61' lang='lat' dir='ltr'>monem</span> <span class='ocrx_word' id='word_1_198' title='bbox 450 3232 532 3306; x_wconf 83' lang='lat' dir='ltr'>hunc</span> <span class='ocrx_word' id='word_1_199' title='bbox 545 3233 625 3305; x_wconf 73' lang='lat' dir='ltr'>euin</span> <span class='ocrx_word' id='word_1_200' title='bbox 636 3232 826 3334; x_wconf 74' lang='lat' dir='ltr'>pugauipro</span> <span class='ocrx_word' id='word_1_201' title='bbox 840 3229 987 3330; x_wconf 62' lang='lat' dir='ltr'>saphath</span> <span class='ocrx_word' id='word_1_202' title='bbox 997 3229 1165 3329; x_wconf 80' lang='lat' dir='ltr'>ponebant.</span> <span class='ocrx_word' id='word_1_203' title='bbox 1184 3225 1270 3298; x_wconf 90' lang='lat' dir='ltr'>Uni-</span> 
     </span>
     <span class='ocr_line' id='line_1_27' title="bbox 204 3345 1270 3450; baseline -0.005 -27"><span class='ocrx_word' id='word_1_204' title='bbox 204 3379 278 3424; x_wconf 83' lang='lat' dir='ltr'>cum</span> <span class='ocrx_word' id='word_1_205' title='bbox 290 3353 353 3424; x_wconf 87' lang='lat' dir='ltr'>hoc</span> <span class='ocrx_word' id='word_1_206' title='bbox 366 3349 450 3425; x_wconf 84' lang='lat' dir='ltr'>forte</span> <span class='ocrx_word' id='word_1_207' title='bbox 464 3346 639 3445; x_wconf 76' lang='lat' dir='ltr'>vestigium</span> <span class='ocrx_word' id='word_1_208' title='bbox 650 3349 690 3423; x_wconf 87' lang='lat' dir='ltr'>de</span> <span class='ocrx_word' id='word_1_209' title='bbox 703 3376 761 3436; x_wconf 90' lang='lat' dir='ltr'>eo,</span> <span class='ocrx_word' id='word_1_210' title='bbox 776 3347 865 3450; x_wconf 87' lang='lat' dir='ltr'>quod</span> <span class='ocrx_word' id='word_1_211' title='bbox 877 3345 1027 3420; x_wconf 77' lang='lat' dir='ltr'>Minerva</span> <span class='ocrx_word' id='word_1_212' title='bbox 1039 3347 1130 3447; x_wconf 90' lang='lat' dir='ltr'>apud</span> <span class='ocrx_word' id='word_1_213' title='bbox 1142 3345 1270 3446; x_wconf 84' lang='lat' dir='ltr'>priscos</span> 
     </span>
     <span class='ocr_line' id='line_1_28' title="bbox 202 3458 1269 3562; baseline -0.005 -28"><span class='ocrx_word' id='word_1_214' title='bbox 202 3461 303 3536; x_wconf 85' lang='lat' dir='ltr'>Italos</span> <span class='ocrx_word' id='word_1_215' title='bbox 320 3464 385 3537; x_wconf 86' lang='lat' dir='ltr'>sibi</span> <span class='ocrx_word' id='word_1_216' title='bbox 402 3464 563 3550; x_wconf 61' lang='lat' dir='ltr'>voluerim</span> <span class='ocrx_word' id='word_1_217' title='bbox 586 3463 650 3538; x_wconf 88' lang='lat' dir='ltr'>nisi</span> <span class='ocrx_word' id='word_1_218' title='bbox 673 3463 748 3562; x_wconf 86' lang='lat' dir='ltr'>quis</span> <span class='ocrx_word' id='word_1_219' title='bbox 764 3461 827 3535; x_wconf 90' lang='lat' dir='ltr'>hoc</span> <span class='ocrx_word' id='word_1_220' title='bbox 845 3488 966 3534; x_wconf 89' lang='lat' dir='ltr'>nomen</span> <span class='ocrx_word' id='word_1_221' title='bbox 982 3458 1121 3535; x_wconf 87' lang='lat' dir='ltr'>latinum</span> <span class='ocrx_word' id='word_1_222' title='bbox 1137 3459 1269 3531; x_wconf 92' lang='lat' dir='ltr'>demum</span> 
     </span>
     <span class='ocr_line' id='line_1_29' title="bbox 203 3572 1246 3675; baseline -0.005 -26"><span class='ocrx_word' id='word_1_223' title='bbox 203 3577 245 3649; x_wconf 86' lang='lat' dir='ltr'>ad</span> <span class='ocrx_word' id='word_1_224' title='bbox 260 3579 506 3675; x_wconf 84' lang='lat' dir='ltr'>exprimendam</span> <span class='ocrx_word' id='word_1_225' title='bbox 517 3578 651 3654; x_wconf 87' lang='lat' dir='ltr'>Pallada</span> <span class='ocrx_word' id='word_1_226' title='bbox 663 3604 842 3673; x_wconf 66' lang='lat' dir='ltr'>gracorum</span> <span class='ocrx_word' id='word_1_227' title='bbox 859 3577 1034 3650; x_wconf 82' lang='lat' dir='ltr'>formatum</span> <span class='ocrx_word' id='word_1_228' title='bbox 1051 3603 1123 3650; x_wconf 84' lang='lat' dir='ltr'>csse</span> <span class='ocrx_word' id='word_1_229' title='bbox 1139 3572 1246 3648; x_wconf 82' lang='lat' dir='ltr'>malit.-</span> 
     </span>
    </p>

    <p class='ocr_par' dir='ltr' id='par_1_4' title="bbox 198 3690 1270 4138">
     <span class='ocr_line' id='line_1_30' title="bbox 249 3690 1270 3795; baseline -0.005 -29"><span class='ocrx_word' id='word_1_230' title='bbox 249 3690 426 3777; x_wconf 82' lang='lat' dir='ltr'>Romanis,</span> <span class='ocrx_word' id='word_1_231' title='bbox 443 3691 494 3765; x_wconf 86' lang='lat' dir='ltr'>vel</span> <span class='ocrx_word' id='word_1_232' title='bbox 510 3693 626 3795; x_wconf 85' lang='lat' dir='ltr'>potius</span> <span class='ocrx_word' id='word_1_233' title='bbox 638 3691 814 3768; x_wconf 84' lang='lat' dir='ltr'>Hetruscis</span> <span class='ocrx_word' id='word_1_234' title='bbox 832 3691 928 3765; x_wconf 86' lang='lat' dir='ltr'>etiam</span> <span class='ocrx_word' id='word_1_235' title='bbox 946 3690 1126 3765; x_wconf 87' lang='lat' dir='ltr'>domestica</span> <span class='ocrx_word' id='word_1_236' title='bbox 1139 3706 1190 3763; x_wconf 87' lang='lat' dir='ltr'>est</span> <span class='ocrx_word' id='word_1_237' title='bbox 1204 3690 1270 3761; x_wconf 84' lang='lat' dir='ltr'>Ia·</span> 
     </span>
     <span class='ocr_line' id='line_1_31' title="bbox 201 3805 1269 3910; baseline -0.003 -30"><span class='ocrx_word' id='word_1_238' title='bbox 201 3808 297 3894; x_wconf 85' lang='lat' dir='ltr'>rium,</span> <span class='ocrx_word' id='word_1_239' title='bbox 309 3805 361 3880; x_wconf 80' lang='lat' dir='ltr'>vel</span> <span class='ocrx_word' id='word_1_240' title='bbox 371 3805 594 3908; x_wconf 85' lang='lat' dir='ltr'>publicorum,</span> <span class='ocrx_word' id='word_1_241' title='bbox 605 3808 656 3882; x_wconf 88' lang='lat' dir='ltr'>vel</span> <span class='ocrx_word' id='word_1_242' title='bbox 666 3807 870 3910; x_wconf 86' lang='lat' dir='ltr'>privatorum</span> <span class='ocrx_word' id='word_1_243' title='bbox 881 3807 1007 3904; x_wconf 83' lang='lat' dir='ltr'>religio.</span> <span class='ocrx_word' id='word_1_244' title='bbox 1020 3805 1191 3909; x_wconf 82' lang='lat' dir='ltr'>Lurapud</span> <span class='ocrx_word' id='word_1_245' title='bbox 1200 3807 1269 3878; x_wconf 83' lang='lat' dir='ltr'>lle·</span> 
     </span>
     <span class='ocr_line' id='line_1_32' title="bbox 202 3919 1270 4023; baseline -0.003 -29"><span class='ocrx_word' id='word_1_246' title='bbox 202 3922 364 3997; x_wconf 89' lang='lat' dir='ltr'>truscosi.</span> <span class='ocrx_word' id='word_1_247' title='bbox 377 3952 409 4023; x_wconf 90' lang='lat' dir='ltr'>q.</span> <span class='ocrx_word' id='word_1_248' title='bbox 425 3919 581 4008; x_wconf 77' lang='lat' dir='ltr'>dorneitus,</span> <span class='ocrx_word' id='word_1_249' title='bbox 596 3923 747 4023; x_wconf 75' lang='lat' dir='ltr'>pniiceps,</span> <span class='ocrx_word' id='word_1_250' title='bbox 768 3941 837 3996; x_wconf 88' lang='lat' dir='ltr'>tum</span> <span class='ocrx_word' id='word_1_251' title='bbox 854 3923 933 3997; x_wconf 80' lang='lat' dir='ltr'>viris</span> <span class='ocrx_word' id='word_1_252' title='bbox 945 3920 1117 3996; x_wconf 87' lang='lat' dir='ltr'>nobilibus</span> <span class='ocrx_word' id='word_1_253' title='bbox 1133 3919 1270 3994; x_wconf 84' lang='lat' dir='ltr'>honoris</span> 
     </span>
     <span class='ocr_line' id='line_1_33' title="bbox 198 4033 1270 4138; baseline -0.001 -32"><span class='ocrx_word' id='word_1_254' title='bbox 198 4059 292 4109; x_wconf 89' lang='lat' dir='ltr'>causa</span> <span class='ocrx_word' id='word_1_255' title='bbox 309 4035 514 4138; x_wconf 74' lang='lat' dir='ltr'>preponitur</span> <span class='ocrx_word' id='word_1_256' title='bbox 535 4037 630 4134; x_wconf 86' lang='lat' dir='ltr'>(Lar</span> <span class='ocrx_word' id='word_1_257' title='bbox 643 4033 860 4126; x_wconf 82' lang='lat' dir='ltr'>Herminius,</span> <span class='ocrx_word' id='word_1_258' title='bbox 879 4038 944 4111; x_wconf 84' lang='lat' dir='ltr'>bar</span> <span class='ocrx_word' id='word_1_259' title='bbox 960 4033 1180 4121; x_wconf 87' lang='lat' dir='ltr'>Tolumnius,</span> <span class='ocrx_word' id='word_1_260' title='bbox 1201 4035 1270 4106; x_wconf 82' lang='lat' dir='ltr'>bar</span> 
     </span>
    </p>
   </div>
   <div class='ocr_carea' id='block_1_3' title="bbox 0 0 1354 4672">
    <p class='ocr_par' dir='ltr' id='par_1_5' title="bbox 0 0 1354 4672">
     <span class='ocr_line' id='line_1_34' title="bbox 0 0 1354 4672; baseline 0 0"><span class='ocrx_word' id='word_1_261' title='bbox 0 0 1354 4672; x_wconf 95' lang='lat' dir='ltr'> </span> 
     </span>
    </p>
   </div>
  </div>
 </body>
</html>
