2700 5100
421 739 717 809 FASTORUM
746 741 846 808 LIB.
877 740 922 807 V.

1128 740 1193 824 343

135 880 224 955 Vina
240 908 372 981 quoque
387 880 423 953 in
439 878 568 974 magnis
583 906 720 981 operose
737 878 867 953 condita
882 877 973 953 cellis

185 995 340 1082 Florent3
362 1013 395 1069 et
410 993 539 1069 nebulae
554 994 643 1068 dolia
659 1023 784 1069 summa
803 1012 927 1090 tegunt.

1145 1033 1194 1086 apo

137 1109 241 1185 Mella
257 1138 365 1184 meum
383 1138 522 1194 munus;
538 1107 686 1183 volucres
702 1137 763 1206 ego
781 1110 877 1185 mella
894 1110 1025 1184 daturas
1059 1098 1062 1103 ¹

187 1227 241 1300 nd
257 1227 394 1316 violam,
411 1244 445 1301 et
461 1227 599 1326 cytisos,
617 1244 651 1299 et
666 1225 779 1326 thyma
796 1253 875 1300 cana
890 1254 982 1298 voco.

136 1345 211 1417 Nos
229 1369 360 1441 quoque
378 1340 465 1414 idem
481 1341 618 1414 facimus
633 1357 731 1430 tunc,
748 1369 850 1440 quum
865 1338 1065 1438 juvenilibus
1080 1341 1173 1416 anuis

186 1456 369 1529 Luxuriant
389 1457 502 1543 animi,
523 1483 726 1555 corporaque
743 1457 816 1556 ipsa
831 1457 946 1530 virent.

136 1569 233 1647 Talia
247 1571 409 1645 dicentem
426 1572 545 1644 tacitus
560 1571 725 1643 mirabar:
742 1589 776 1645 at
792 1569 867 1660 illa,

1135 1598 1196 1665 '275

185 1688 249 1758 Jus
266 1686 328 1758 tibi
347 1684 512 1774 discendi,
531 1685 559 1758 si
577 1714 642 1785 qua
658 1686 816 1786 requiris,
830 1686 886 1760 ait.

136 1801 222 1887 Dic,
241 1800 318 1888 dea,
338 1799 512 1889 ludomm,
529 1800 707 1900 respondi,
727 1803 860 1902 quaesit
877 1804 983 1899 origo.

188 1917 252 1989 Vix
268 1917 353 1990 bene
371 1916 528 1990 desieram
541 1945 548 2004 ;
566 1914 695 1989 rettulit
708 1915 764 1991 illa
779 1917 880 1991 milri:

140 2032 263 2106 Caetera
280 2029 415 2106 luxuriae
432 2030 582 2104 nondum
598 2030 812 2107 iustrumenta
827 2031 999 2127 vigebam

140 2252 154 2278 ι
167 2231 264 2285 nabere
279 2232 363 2285 lentis.
380 2253 393 2278 o
409 2258 441 2271 -
453 2230 523 2300 Quse
536 2230 568 2283 de
587 2237 645 2284 or'rro

138 2321 301 2378 sequuntur,
312 2330 343 2363 ea
351 2309 444 2364 melius
452 2310 577 2362 abessent.
585 2312 646 2362 Flos

139 2390 212 2440 onim
225 2398 251 2441 et
262 2392 353 2442 nebulo
366 2388 418 2441 vini
435 2400 474 2441 est
492 2404 584 2457 spuma
600 2396 646 2439 te-

139 2467 233 2521 nuisin
240 2486 344 2521 summo
351 2469 412 2520 vino
419 2477 526 2528 nataus;
536 2465 645 2529 Plinius,

141 2545 220 2610 XlV,
233 2567 262 2616 ²7
276 2566 282 2598 :
293 2569 307 2591 s
318 2547 378 2600 Flos
389 2547 442 2599 vini
452 2544 577 2600 candidus
585 2562 646 2612 pro·

141 2647 155 2671 »
169 2625 261 2689 batur;
278 2627 375 2680 rubens
386 2627 457 2680 triste
469 2626 573 2696 signum
586 2633 624 2676 est
638 2661 644 2685 ,

140 2729 154 2751 u
168 2707 189 2759 si
199 2723 255 2758 non
263 2707 284 2759 is
292 2707 345 2759 vini
355 2707 423 2760 colos
434 2707 474 2759 sit.
484 2729 496 2752 u
507 2704 555 2758 Col
560 2702 647 2757 nmell.

141 2784 215 2847 Xll,
230 2786 263 2836 3ο
276 2803 282 2835 :
294 2805 307 2829 s
321 2784 349 2839 Si
362 2786 453 2838 sinum
466 2786 560 2839 llorere
575 2784 647 2837 inci-

143 2884 157 2906 »
172 2862 242 2930 piet,
254 2862 346 2931 saepius
352 2882 441 2917 curare
450 2864 585 2933 oportebit.
594 2887 606 2909 υ
614 2892 647 2904 ·-

143 2944 269 3009 Operose,
280 2938 426 3010 diligenter.

176 3037 231 3085 ²7¹·
239 3017 325 3069 Mollis
333 3016 433 3070 donum
442 3018 534 3071 rectius
540 3019 647 3072 sibivin·

140 3097 210 3150 dicat
223 3108 330 3166 propter
344 3116 448 3161 suecos,
463 3117 527 3166 quos
542 3097 647 3151 lloribus

141 3174 236 3228 indidit
250 3174 340 3245 apibus
356 3174 564 3245 colligendos·
581 3178 647 3226 Vio-

140 3258 214 3320 Iosn,·
233 3253 320 3322 itaque
337 3264 364 3307 et
375 3253 467 3323 virgil.
480 3251 576 3322 Georg.
591 3251 646 3318 lV,

694 2233 819 2286 Mazarin.
832 2245 859 2287 et
872 2232 1015 2287 Zuliclrem.
1027 2253 1041 2287 a
1053 2253 1133 2287 manu
1144 2235 1199 2304 pri-

694 2329 736 2364 ma
749 2310 875 2378 laudavit,
888 2323 914 2365 ct
925 2311 1093 2365 Burmannus
1105 2313 1132 2365 iu
1145 2324 1211 2381 texq

694 2397 751 2440 tum
763 2390 875 2457 recepit,
891 2388 951 2457 quia
963 2407 1022 2441 mox
1031 2393 1149 2456 or'gebor!
1222 2396 1241 2425 θ

694 2465 789 2533 quitur.
798 2466 833 2518 Et
841 2486 916 2532 sane,
927 2470 1056 2525 virr'dr'los.
1069 2477 1098 2519 ut
1106 2400 1202 2534 rifi

693 2548 744 2616 plo,
758 2542 789 2595 de
803 2544 889 2613 vigore
905 2544 1011 2612 juvenili
1024 2546 1102 2597 etiam
1117 2545 1144 2599 iu
1155 2562 1199 2599 so·

695 2622 1200 2691 lutaorationebenediciturdlliueber·

694 2697 784 2751 lichius
798 2709 886 2752 tamen
899 2699 1029 2764 vulgatam
1043 2701 1130 2768 vigint
1138 2722 1199 2755 ser-

695 2775 770 2828 vavit.
781 2777 920 2831 luxorrore
931 2777 991 2831 alias
1003 2778 1035 2831 de
1045 2781 1199 2836 succulentis

695 2863 721 2907 et
733 2854 830 2923 vegetis
840 2855 964 2908 membris
979 2855 1088 2922 dicitur,
1103 2867 1132 2910 ut
1147 2858 1200 2911 vll
1252 2912 1255 2917 ,

695 2933 805 2986 llletarn.¹
818 2954 882 3006 ²9²³
896 2933 969 3003 tirg.
981 2934 1078 3004 (teng,
1091 2938 1131 2991 Ill
1143 2976 1151 3002 ,
1161 2939 1201 2989 81.

696 3009 756 3063 Hoc
767 3011 824 3064 loro
837 3010 869 3065 de
881 3012 1032 3067 animorum
1044 3011 1140 3081 vigore.

723 3082 847 3158 275-33o.
857 3086 992 3143 Ludorum
1000 3088 1142 3143 Floralium
1151 3091 1202 3143 ori·

695 3184 728 3235 go
741 3166 773 3217 ad
788 3166 923 3220 veritatem
937 3166 1087 3220 historicam
1105 3186 1202 3220 narra-

696 3255 746 3297 tur.
759 3245 839 3299 Auno
849 3265 875 3298 u.
885 3266 908 3299 c.
921 3246 985 3310 513,
1000 3257 1029 3298 nt
1043 3247 1095 3313 jam
1108 3245 1139 3297 ad
1152 3245 1201 3311 lv,

143 3333 190 3396 31,
210 3332 324 3402 precipit
336 3351 342 3384 ε
355 3331 453 3384 circum
470 3329 579 3384 alvearia
590 3335 648 3382 im'·
694 3321 761 3391 943,
774 3320 951 3388 admonitum,
967 3322 1075 3378 Publicii
1087 3323 1203 3377 Malleoli

141 3427 216 3475 mrum
226 3413 315 3462 br'bant
326 3412 433 3461 vr'olorr'o
443 3408 551 3476 frontem.
563 3433 597 3444 -
607 3406 647 3459 De

143 3488 227 3558 thymo
235 3505 275 3539 res
287 3497 364 3550 nota,
376 3497 402 3538 et
411 3484 460 3538 suit
471 3483 651 3554 proverbium:

143 3566 201 3617 door
217 3568 300 3635 thymo
310 3575 446 3633 pascentur
457 3584 537 3633 oprs;
558 3562 650 3633 Virgit

146 3641 200 3697 Pael.
209 3642 242 3706 V,
253 3662 290 3713 77.
297 3671 330 3683 ·-
338 3646 438 3713 Cylr'sos
446 3641 545 3696 fruticis
552 3660 649 3711 genus,

144 3718 262 3787 iucundo
273 3720 396 3774 loliorum
408 3731 433 3772 et
445 3739 535 3789 sapore
548 3731 576 3773 et
586 3717 649 3770 odo·

145 3816 188 3862 re,
200 3815 255 3866 quo
267 3808 321 3850 tam
331 3795 435 3866 capellos
449 3815 527 3864 quam
537 3814 596 3865 apes
607 3793 649 3847 de-

143 3875 288 3937 lectantur;
303 3873 377 3944 virg.
391 3872 445 3926 Ecl.
463 3874 508 3938 X,
528 3872 560 3925 3ο
572 3890 579 3924 :
591 3870 649 3923 vide

146 3953 257 4006 Martio.
268 3950 299 4004 ad
310 3950 407 4022 Georg.
420 3951 465 4015 ll,
485 3951 539 4016 431.
552 3980 586 3992 -
596 3953 651 4002 Nos

695 3400 803 3465 iratres,
822 3400 909 3456 aediles
922 3403 1019 3474 plebis,
1032 3423 1114 3473 quum
1128 3405 1204 3457 multi

696 3481 762 3534 eires
772 3481 799 3533 iu
812 3482 915 3551 publico
927 3495 1080 3553 pascerent,
1100 3482 1205 3553 perula-

695 3567 739 3612 tus
752 3578 794 3611 eos
803 3560 1027 3625 condemnarunt,
1041 3571 1117 3628 atque
1130 3581 1144 3612 e
1156 3581 1204 3631 pc-

696 3636 773 3689 cunia
784 3637 923 3690 multatitia
934 3636 1008 3688 ludos
1027 3638 1109 3689 Florae
1124 3637 1204 3691 insti-

697 3721 804 3765 tuerunt
814 3732 820 3774 ;
831 3711 850 3764 ii
859 3710 972 3764 verodiu
981 3711 1119 3764 intermissi
1130 3751 1136 3778 ,
1149 3724 1206 3767 tun-

697 3787 759 3842 dem
771 3806 841 3840 anuo
859 3806 884 3839 u.
902 3808 923 3841 c.
936 3792 1001 3853 580,
1019 3789 1048 3843 L.
1068 3790 1204 3845 Postumio

698 3869 810 3932 Albino,
824 3868 863 3921 Μ.
878 3868 988 3938 Popillio
1001 3868 1105 3922 Lsenatc
1117 3891 1205 3925 cossa

699 3947 731 4000 C.
744 3946 854 4000 Servilio
863 3945 999 3999 instaurati
1008 3957 1069 4000 suut
1081 3987 1088 4013 ,
1101 3959 1127 4001 et
1139 3968 1206 4018 quo·

147 4032 650 4099 quoqueidemlocr'mustmeumqnoque
698 4026 1205 4100 tannisdeincepsrelebrati;videSpan·

148 4125 245 4164 rnunus
258 4116 313 4172 est,
332 4126 412 4176 quum
427 4109 535 4177 juvenes
547 4108 651 4160 florent.
698 4104 768 4158 hem.
786 4104 817 4157 de
841 4105 899 4159 Usu
924 4114 949 4157 et
969 4104 1104 4159 Praestant.
1124 4107 1205 4160 Num.

149 4190 221 4243 Male
231 4189 339 4256 interpr.
348 4188 462 4257 gallicus:
473 4190 649 4250 Commeelles,
699 4194 762 4236 tom.
773 4183 816 4248 ll,
836 4203 860 4252 p.
875 4182 927 4249 146.

149 4273 195 4324 des
207 4273 315 4336 planos
332 4286 394 4320 noos
410 4272 526 4320 dulcisono
541 4269 568 4319 Ia
579 4269 652 4333 stent.
739 4281 795 4332 ²79·
815 4262 982 4312 Instrumenta
1004 4262 1124 4317 lutuno,
1148 4277 1205 4326 quae

153 4351 247 4403 Verbis
255 4351 384 4400 luxurior!
390 4359 436 4401 etr..
450 4345 602 4399 describitur
613 4345 651 4409 is,
698 4339 815 4391 serviunt
827 4336 933 4390 luxuria
946 4376 953 4402 ,
972 4335 996 4387 ci
1014 4337 1135 4389 alimenta
1148 4336 1205 4387 mi-

152 4447 232 4498 quem
239 4425 365 4481 Horatius
371 4424 479 4478 llorcntc
489 4421 653 4492 jureutnser-
700 4418 810 4471 nistront
821 4439 827 4479 ;
839 4416 952 4479 Plinius,
964 4415 1019 4478 lX,
1034 4416 1077 4465 13:
1087 4436 1098 4457 s«
1111 4413 1205 4477 Pollio,

152 4506 384 4559 widomaro.-
401 4504 485 4556 Vr'reo!
503 4499 653 4553 lleinsinse
702 4488 1208 4564 ssagacisadlurrrriaeinstrumrntain·
1281 4510 1283 4515 ’
