2692 4672
409 357 462 424 ru
490 357 671 425 ovmu
703 355 921 427 nasros.
1130 360 1198 450 509

133 542 1195 575 m

455 674 787 764 EXCURSUS
822 676 871 760 V.

167 885 208 929 nn
228 880 355 928 nonum
376 882 462 931 enno
482 886 591 931 unctu
612 884 763 933 unnsrun
782 884 823 929 nn
844 881 978 943 essuos,
1000 872 1069 947 111,
1088 894 1163 949 ηε,

592 994 633 1038 nt
652 983 685 1055 l,
706 975 755 1039 28.

267 1329 400 1400 Tempora
412 1330 542 1401 digereret
555 1351 637 1403 quum
652 1330 775 1386 conditor
786 1329 873 1396 urbis,
889 1328 915 1382 in
931 1345 1002 1381 anuo

319 1415 465 1473 Constituit
476 1438 579 1474 meuses
593 1420 709 1489 quinque
724 1418 763 1472 bis
777 1437 831 1472 erse
842 1434 898 1471 suo.

267 1596 363 1651 Annus
376 1608 450 1665 erat,
471 1597 603 1654 decimum
617 1617 700 1670 quum
711 1598 773 1652 luna
787 1597 932 1669 repleverat
945 1596 1044 1651 orbem.

135 1772 160 1843 l.
186 1741 395 1846 RtTlottntt
418 1771 605 1875 aplurimis
627 1778 771 1848 veteiurn
792 1772 909 1846 initam
928 1779 962 1858 ¹,
990 1788 1028 1844 ut
1050 1796 1195 1861 menses,

137 1886 248 1989 quales
260 1907 378 1990 postea
389 1907 501 1979 erant,
517 1890 646 1967 lunares
658 1892 856 1992 acciperent,
871 1887 973 1962 modu
985 1887 1118 1983 triginta
1129 1888 1200 1962 die-

134 2034 228 2095 rum,
241 2004 341 2080 modo
352 2007 484 2103 triginta
493 2025 527 2081 et
536 2008 652 2096 unius,
669 2025 702 2081 et
713 2007 757 2080 ita
771 2033 858 2079 anno
869 2001 1033 2078 Romuleo
1044 2003 1115 2097 304
1130 2005 1199 2080 dies

136 2121 365 2217 adsignarent,
394 2141 488 2197 acute
504 2123 569 2223 jam
585 2122 767 2196 confutavit
785 2118 903 2194 illustr.
924 2117 1061 2194 Bredow
1079 2120 1195 2219 (nist.

60 2250 69 2257 ’
136 2239 267 2313 Unters.
286 2241 330 2311 ll.
350 2241 385 2327 l,
404 2268 437 2340 p.
456 2237 543 2339 38).
574 2237 715 2313 Dicentis
740 2235 828 2310 enim
851 2234 959 2307 verbis
983 2235 1097 2309 Livius
1119 2238 1198 2309 anni

136 2352 327 2427 divisionem
354 2355 394 2428 ad
421 2355 504 2428 lunae
528 2383 646 2430 cursum
662 2357 778 2429 Numae
801 2352 932 2427 demum
950 2350 1127 2442 adscribit;
1146 2373 1196 2444 et,

136 2470 226 2569 quod
247 2469 380 2543 omnino
408 2471 635 2565 gravissimum
657 2488 732 2558 est,
758 2469 864 2570 ipsius
889 2469 966 2541 unni
983 2469 1099 2559 notio,
1125 2498 1198 2573 qnte

135 2603 259 2658 eertum
277 2584 390 2658 orbem
404 2585 670 2681 gravissimorum
686 2603 811 2659 naturae
835 2586 1145 2685 pbaenomenorum,
1163 2603 1198 2661 et

135 2703 292 2803 temporis
309 2720 399 2777 certo
417 2703 525 2804 spatio
543 2704 778 2778 recurrentium
804 2703 973 2798 designat,
996 2730 1119 2777 annum
1137 2732 1197 2778 so·

135 2819 235 2895 larem
250 2838 361 2921 aperte
377 2820 547 2894 desiderat.
560 2821 605 2893 Et
619 2821 755 2895 omnino
766 2818 851 2893 nibil
864 2837 989 2894 naturae
999 2819 1103 2916 magis
1116 2849 1197 2898 con-

136 2958 325 3013 sentaneum
346 2955 417 3024 est,
437 2966 535 3039 quarn
557 2955 596 3010 ut
611 2935 728 3039 populi
749 2936 849 3011 rudes
874 2936 958 3010 banc
982 2935 1155 3039 periodum
1176 2968 1196 3012 a

137 3069 251 3127 natura
264 3055 336 3155 ipsa
348 3053 578 3141 constitutam,
598 3070 631 3126 et
639 3053 777 3127 maxime
789 3053 823 3124 in
836 3052 951 3127 oculos
961 3052 1195 3143 incurrentem,

136 3164 178 3238 ad
199 3183 344 3268 tempora
362 3168 535 3267 digerenda
552 3167 739 3243 adhibeant.
760 3167 796 3242 Si
813 3196 889 3242 vero
905 3166 939 3241 b.
960 3164 983 3240 l.
1001 3195 1123 3242 aunum
1141 3197 1197 3243 sn·

137 3343 206 3414 apud
219 3343 310 3398 Elbel.
323 3356 386 3399 tom.
399 3350 457 3417 Vl,
471 3369 495 3421 p.
507 3349 554 3422 98,
568 3347 641 3401 Her·
689 3366 748 3401 rum
766 3347 815 3401 sub
831 3347 888 3416 ejus
905 3345 1025 3418 presidio
1045 3358 1195 3418 paratorum

136 3423 222 3476 sulem
235 3425 349 3492 agnoscit
364 3426 401 3477 vir
413 3427 525 3494 doctus,
541 3448 555 3474 α
569 3444 640 3496 qna-
689 3424 827 3479 decumam
838 3424 984 3491 ollerebat,
999 3425 1196 3480 omninomaxi·

138 3522 151 3547 >a
165 3519 277 3571 rumque
292 3499 325 3555 de
342 3521 417 3557 rausa
435 3503 509 3557 illurn
526 3515 641 3558 monetae
688 3501 724 3555 mi
735 3500 831 3555 habere
845 3501 969 3568 debebat,
984 3511 1011 3556 et
1025 3501 1147 3556 eamdem
1160 3504 1194 3559 nb

137 3600 151 3624 a·
167 3577 301 3647 intulerit,
314 3579 412 3634 nescire
423 3599 449 3633 se
460 3602 472 3626 n
485 3580 586 3649 dicens,
599 3584 641 3635 vix
687 3599 807 3647 cansam,
828 3599 879 3651 qna
896 3582 1031 3636 Venerem
1049 3591 1077 3636 et
1091 3581 1194 3636 Fortu·-

137 3656 246 3726 amplius
257 3655 289 3709 de
298 3675 444 3722 eausa,eur
453 3655 559 3712 adsidue
567 3658 642 3712 Her-
688 3678 766 3724 nam,
779 3659 858 3714 etiarn
873 3658 1018 3713 Herculem
1034 3659 1062 3713 in
1079 3657 1194 3714 nummis

136 3735 223 3788 culem
236 3734 345 3789 coluerit
358 3734 445 3806 Sylla,
462 3733 570 3791 dubites
588 3737 641 3791 Hie
688 3738 798 3792 exhibet.
807 3736 995 3807 -Tamquam
1008 3736 1083 3792 sortis
1093 3744 1120 3788 et
1131 3734 1194 3791 lur-

136 3815 209 3868 enirn
219 3814 273 3881 vir,
286 3816 331 3884 qui
339 3815 391 3884 ipse
400 3813 638 3882 confiterisolebat,
690 3826 759 3870 tunae
767 3834 860 3886 preses
871 3813 1064 3887 apparentiam
1075 3813 1102 3866 in
1111 3811 1195 3868 bisto-

137 3892 262 3945 Fortune
278 3911 304 3945 se
316 3890 524 3958 omniadebere,
540 3903 567 3947 et
577 3891 640 3946 inde
688 3891 752 3945 riola
764 3891 833 3963 apud
842 3893 912 3946 Plnt.
925 3888 1030 3945 ttomut.
1041 3892 1072 3956 5,
1084 3889 1127 3942 nbi
1137 3890 1193 3945 talin

134 3969 243 4037 Felicis,
253 3970 355 4036 Fausti,
368 3969 522 4040 cognomina
530 3970 577 4024 sibi
591 3971 639 4024 irn-
688 3969 755 4024 ludit
764 3990 825 4023 rum
835 3968 939 4023 reditun.

133 4046 265 4115 ponebat,
278 4045 435 4113 Herculem,
450 4047 494 4116 qui
506 4056 640 4117 tamqnam
721 4050 731 4079 ¹
748 4047 829 4101 ovid.
840 4044 856 4098 L
867 4065 889 4099 r„
902 4043 1019 4097 Macrob.
1030 4045 1058 4113 l,
1074 4063 1119 4109 ¹²3
1134 4042 1191 4100 So·

137 4143 217 4194 opum
229 4135 257 4180 et
266 4124 415 4180 divitiarum
424 4124 526 4195 presidi
536 4165 544 4193 ,
556 4127 641 4182 bone·
688 4125 734 4181 liu.
748 4127 779 4196 13
795 4121 934 4179 Cemorin.
947 4120 1008 4177 XX.
