2692 4672
6 1694 37 1749 ιἸ,

447 457 688 561 LIBRI
745 456 1003 561 PRIMI-

519 669 922 738 ARGUMENTUM.

232 884 401 972 Argumeuti
417 885 554 966 expositio
569 898 598 945 et
609 884 773 959 dedicatio,
793 881 876 944 ωδ.
895 882 1025 969 Digestis
1041 883 1107 942 anni
1119 905 1169 964 per
1185 886 1249 946 no-

190 988 299 1049 mulum
311 996 340 1045 et
356 985 490 1056 Numam,
509 983 617 1066 27-44.
639 982 799 1045 Discrimen
822 981 951 1054 dierum,
973 980 1080 1055 45-62.
1102 982 1164 1041 Kal.
1180 985 1247 1045 lan.

189 1082 329 1147 inventio
339 1081 405 1141 Jani
422 1093 451 1142 et
464 1081 539 1141 bona
556 1093 640 1153 vota,
662 1077 769 1154 63-74.
782 1080 923 1141 Consules
939 1102 1044 1141 munus
1058 1081 1180 1154 incunt,
1193 1104 1247 1142 co-

190 1184 304 1244 mitante
328 1179 456 1262 populo,
483 1175 586 1261 75-88.
614 1179 679 1238 Jani
702 1177 885 1262 mythologia.
912 1182 1106 1263 Interrogatus
1134 1192 1247 1262 apparet

189 1282 295 1346 Ouidio
308 1303 373 1341 cum
388 1277 568 1361 insignibus,
590 1275 705 1362 89-99,
723 1289 751 1339 et
768 1278 827 1359 ipse
845 1297 889 1339 res
906 1300 968 1338 suas
982 1278 1117 1359 explicat,
1136 1302 1167 1340 ac
1182 1281 1247 1361 pri-

186 1402 264 1442 mum
280 1377 396 1458 quidem
408 1375 547 1459 originem
559 1397 637 1435 suam
650 1386 734 1455 atque
748 1375 866 1459 figuram
879 1418 888 1449 ,
905 1379 1038 1450 roo-114
1050 1419 1059 1451 ,
1080 1389 1142 1437 tum
1154 1377 1248 1440 officia

190 1491 218 1541 et
228 1476 294 1538 iude
305 1486 367 1535 orta
378 1472 512 1544 nomina,
528 1471 683 1546 115·132,
699 1495 808 1532 causam
824 1495 940 1554 quoque
957 1475 1079 1557 figurae,
1100 1474 1247 1552 135144

182 1579 259 1640 llinc
275 1572 388 1654 expedit
402 1570 552 1642 nonnulla,
561 1593 626 1651 quae
637 1569 672 1630 ad
682 1568 819 1632 Kalendas
830 1572 894 1629 Jan.
906 1573 1070 1652 pertinent,
1083 1595 1135 1632 cnr
1148 1595 1242 1637 novus

185 1695 276 1738 annus
287 1669 376 1732 media
390 1668 507 1738 bruma,
524 1688 584 1727 non
595 1687 661 1727 vere
671 1667 805 1748 incipiat,
821 1665 965 1741 ilfi-1643
981 1692 1033 1731 cur
1048 1691 1084 1731 eo
1101 1672 1145 1733 die
1155 1695 1245 1736 causae

187 1775 313 1835 lorenses
327 1781 463 1850 agantur,
484 1762 641 1846 165-170;
657 1786 709 1825 cur
723 1765 777 1825 sibi
790 1766 882 1847 primo
894 1788 968 1828 sacra
978 1769 1065 1842 liant,
1086 1774 1242 1852 171-174;

76 1908 79 1913 ·
188 1892 240 1934 cur
260 1870 323 1929 laeta
339 1865 423 1926 verba
440 1863 585 1937 dicantur,
607 1860 757 1945 175-1823
775 1884 828 1924 cur
843 1865 1011 1925 munuscula
1029 1865 1146 1939 dentur,
1168 1869 1245 1930 183-

190 1965 262 2038 2263
284 1987 337 2026 cur
361 1963 469 2024 nummi
490 1963 599 2043 antiqui
624 1983 722 2024 navem
744 1962 863 2025 habeant
883 1976 913 2024 ct
927 1962 1046 2026 sormam
1069 1965 1242 2042 bifrontem,

187 2063 344 2149 ²²7·²54³
363 2083 415 2122 cur
430 2062 490 2141 ipse
505 2061 534 2120 in
555 2081 613 2120 uno
626 2060 732 2141 templo
748 2071 867 2121 statuam
881 2061 998 2134 lrabeat,
1020 2062 1174 2147 255-2773
1192 2092 1244 2129 cur

185 2177 314 2245 tempore
334 2159 401 2220 belli
426 2171 568 2219 reseretur
586 2157 674 2240 ipsius
695 2157 850 2238 tempium,
876 2158 1020 2241 278·288.
1039 2161 1134 2235 Hinc,
1155 2166 1243 2228 misso

186 2265 261 2324 Jauo
271 2303 280 2336 ,
289 2269 374 2341 poeta
386 2255 485 2335 incipit
496 2257 609 2316 eFastis
624 2258 745 2317 haurire.
757 2255 903 2318 Dedicatio
916 2258 1038 2320 duorum
1051 2263 1222 2342 templorum
1235 2308 1245 2338 ,

190 2354 346 2436 AEsculapii
362 2366 390 2414 et
406 2353 508 2424 Jovis,
529 2353 675 2438 289-294.
692 2359 737 2416 De
753 2367 852 2418 exortu
873 2370 902 2418 et
919 2379 1020 2420 occasu
1037 2359 1160 2420 siderum
1179 2361 1243 2423 dic-

186 2471 289 2527 turus,
305 2451 400 2513 laudes
411 2463 642 2510 astronomorum
657 2452 821 2532 praemittit,
838 2455 984 2539 295-310.
1000 2459 1126 2518 Occasus
1141 2459 1243 2521 Cancri

186 2567 215 2616 et
226 2556 325 2635 Lyrae,
337 2547 485 2610 311-316.
499 2547 670 2632 Agonalium
681 2571 786 2611 nomen
799 2564 826 2612 et
836 2553 907 2612 ratio
918 2596 927 2624 ,
940 2551 1088 2634 317-334.
1096 2556 1243 2641 Digressio

185 2653 219 2714 ad
230 2650 345 2712 nomina
360 2649 482 2709 victime
494 2658 526 2707 ct
541 2646 662 2720 hostire,
683 2648 718 2709 ad
732 2670 808 2711 sacra
826 2651 916 2731 prisca
931 2662 960 2710 ct
973 2653 1052 2712 initia
1067 2654 1242 2719 victimatum

186 2771 339 2818 casarum,
357 2744 460 2826 quibus
475 2746 590 2827 Aristaei
604 2746 697 2805 fabula
704 2747 807 2807 intexta
818 2791 827 2821 ,
839 2745 981 2821 335456.
996 2753 1129 2833 Delphini
1137 2767 1220 2816 ortus
1232 2798 1241 2831 ,

185 2843 335 2929 457-458.
347 2841 440 2902 Media
453 2841 560 2912 lrienrs,
580 2839 728 2923 455460.
744 2846 941 2920 Carmentalis,
962 2849 1010 2909 ubi
1020 2848 1152 2912 multatis
1167 2854 1241 2915 Car-

186 2955 298 3015 menta,
318 2940 470 3009 Evandro,
491 2935 621 2997 Herculis
638 2937 759 3001 adventu
769 2956 798 3003 et
810 2942 876 3002 Caci
892 2967 977 3019 nece,
994 2944 1141 3020 46ι-586.
1159 2954 1240 3012 Sacra

184 3040 283 3111 Joiu's,
301 3034 445 3117 587-588.
468 3034 641 3095 Octavianus
662 3035 786 3121 Augusti
800 3041 915 3102 nornine
930 3053 1068 3117 ornatus,
1089 3049 1169 3126 cujus
1185 3071 1238 3110 uo-

185 3137 267 3196 minis
284 3136 326 3196 vis
341 3135 510 3214 exponitur,
531 3130 680 3217 589-61fs
697 3139 805 3197 lterum
821 3136 1022 3213 Carmentalis,
1043 3142 1145 3221 quibus
1162 3148 1239 3206 Por-

183 3237 252 3298 rima
269 3249 297 3297 et
310 3237 456 3295 Postuerta
473 3233 638 3313 placantur,
658 3230 800 3315 (ιη-636.
818 3235 989 3301 Concordiae
1006 3244 1142 3322 templum
1154 3267 1168 3303 a
1181 3247 1238 3305 Ti-

183 3334 262 3396 berio
279 3333 463 3401 restitutum,
484 3331 513 3389 in
530 3351 589 3410 quo
606 3342 635 3391 et
650 3332 739 3396 Liviae
753 3335 880 3415 quaedam
900 3359 1000 3418 opera,
1018 3337 1162 3421 637-650.
1188 3344 1238 3403 Sol

183 3431 342 3514 ingreditur
365 3428 541 3507 Aquarium
565 3429 636 3517 Lyra
659 3431 781 3504 occidit,
805 3433 872 3494 item
893 3436 973 3506 Leo,
988 3434 1134 3497 651-656.
1159 3441 1239 3500 Sacra

185 3529 364 3599 Sementiva,
380 3527 513 3606 requies,
532 3525 622 3601 lesta,
645 3550 739 3608 preces
754 3534 944 3603 rusticorum,
965 3533 1038 3611 pacis
1054 3532 1143 3606 salus,
1160 3534 1238 3617 657-
1327 3582 1331 3595 .

184 3630 251 3713 704.
267 3625 393 3686 Castoris
405 3636 434 3684 et
449 3623 573 3683 Pollucis
591 3627 754 3707 ternpluma
770 3628 886 3688 Tiberio
903 3627 1077 3703 dedicatum,
1096 3633 1237 3717 705-708.

182 3728 259 3789 Pacis
270 3747 314 3784 ara
330 3724 461 3791 excitata3
480 3732 544 3779 rota
563 3744 614 3802 pro
626 3746 692 3804 pace
704 3737 732 3788 et
745 3725 831 3785 domo
844 3725 989 3801 Caesarea,
1012 3734 1156 3813 709-724,
