2692 4672
329 271 382 338 ru
411 272 594 340 0v1u11
619 271 844 343 rasros.
1053 275 1119 370 495

187 428 262 483 Dum
275 427 385 497 loquor,
400 429 473 483 elatee
485 429 644 484 metuendus
657 429 776 484 acumine
789 430 879 486 caude

237 516 359 587 Scorpius
371 517 400 570 in
413 517 510 572 virides
523 518 700 589 precipitatur
712 536 798 587 aquas.

53 645 181 723 Eadem
202 663 312 719 tamen
330 644 546 741 ambiguitate
562 644 717 719 notandos
732 646 789 719 en't
805 663 839 720 et
855 647 943 721 Fast.
962 649 1013 737 V,
1032 650 1122 750 417,

56 764 97 837 de
113 790 222 837 occum
240 758 343 834 dicit:

191 931 313 1002 Scorpius
327 931 446 998 incaelo,
461 950 543 1001 quum
555 951 611 986 eras
624 931 753 987 lucescere
766 931 857 986 Nonas

235 1021 373 1089 Dicimus,
388 1041 404 1075 a
416 1021 504 1075 media
516 1033 589 1091 parte
603 1021 735 1077 notandus
747 1023 817 1088 erit;

55 1165 117 1240 ubi
134 1163 217 1238 mihi
233 1193 302 1237 non
319 1163 514 1264 persuadere
532 1192 685 1266 possum,
703 1182 854 1266 poetam,
874 1164 903 1240 si
917 1192 1054 1238 occasum
1071 1165 1124 1239 in-

55 1306 157 1352 nuere
174 1274 339 1365 voluerit,
366 1277 519 1352 notandus
537 1280 594 1352 en't
616 1279 722 1354 dicere
741 1279 901 1380 potuisse.
925 1281 964 1352 In
982 1295 1125 1380 utroque

33 1435 36 1440 ·
55 1393 132 1469 loco
147 1412 280 1495 poetam
301 1412 411 1469 ortum
429 1394 496 1469 sibi
513 1395 693 1491 cogitasse,
715 1393 846 1470 credere
862 1394 929 1469 sere
941 1393 1122 1469 maluerim.

58 1672 292 1682 ..-.-.--.--·-·.
308 1673 534 1681 .---·—-——„...
540 1675 592 1682 u...
598 1673 1119 1684 --—·-.-—--—-——-———-—·

372 1817 704 1904 EXCURSUS
737 1819 816 1904 IV.

57 2072 99 2116 DE
115 2071 301 2130 QUIBUSDAM
316 2071 448 2116 VETERIS
462 2070 574 2116 mmm
588 2068 773 2115 nummulus
787 2068 826 2113 ΒΤ
841 2069 924 2115 muts
940 2069 1124 2114 uutotosts.

59 2236 252 2338 Mamur
273 2265 411 2339 sortasse
431 2262 554 2339 ovidio
573 2261 748 2337 debeamus
767 2290 842 2350 eas,
867 2290 951 2361 quas
967 2262 1067 2337 nobis
1086 2263 1128 2339 de

56 2380 176 2452 veteris
194 2378 296 2453 ltalia
311 2381 436 2481 mythis
451 2379 587 2481 reliquit
603 2377 758 2465 notitias,
784 2394 818 2451 et
837 2376 926 2450 haud
950 2377 1045 2452 facile
1066 2376 1127 2453 ali-

59 2495 133 2594 quis
150 2494 293 2593 scriptor
310 2513 384 2587 est,
407 2497 464 2597 qui
483 2496 627 2571 difficilis
644 2496 745 2592 hujus
762 2523 822 2570 nec
840 2513 947 2568 tamen
964 2495 1073 2569 tenuis
1092 2513 1127 2570 et

58 2611 269 2687 infructuosa
288 2613 503 2715 questionis,
529 2644 601 2715 quae
617 2615 651 2687 in
669 2631 813 2689 veterum
829 2613 1025 2688 Latinorum
1041 2610 1126 2688 ideis

57 2728 238 2826 religiosis,
258 2731 452 2804 numinibus
469 2749 502 2805 et
518 2731 640 2833 mythis
658 2732 849 2806 enarrandis
867 2748 900 2805 et
916 2732 959 2806 ab
976 2731 1126 2832 interpo-

58 2846 179 2921 latione
212 2876 314 2943 graeca
345 2847 567 2922 discernendis
593 2865 764 2935 versatur,
791 2848 902 2922 denuo
923 2847 1125 2923 excutienda

59 2962 204 3037 officium
220 2964 323 3060 magis
341 2963 501 3062 injungat.
527 2964 670 3039 Omnem
686 2964 771 3037 hanc
788 2992 881 3054 rem,
907 2964 942 3038 in
961 2993 1026 3065 qua
1043 2981 1127 3039 vete

52 3107 131 3154 rum
147 3083 334 3156 testimonia
350 3108 435 3183 sape
451 3097 516 3153 tam
532 3108 635 3181 pauca
649 3098 796 3171 exstant,
815 3101 849 3157 et
861 3083 999 3182 insuper
1013 3083 1125 3155 critica

59 3195 252 3298 plerumque
260 3198 637 3296 indigentseverissima,
648 3228 827 3301 quumnon
834 3228 909 3272 raro
917 3226 1028 3272 verum
1039 3198 1125 3271 inter

58 3314 162 3389 multa
185 3313 301 3389 frivola
326 3334 359 3389 et
379 3315 665 3413 grammaticorum
688 3318 816 3390 somnia
837 3315 960 3404 lateat,
984 3315 1125 3389 maxime

59 3429 218 3504 lubricam
238 3459 307 3505 esse
329 3447 363 3504 et
385 3433 518 3508 nonnisi
538 3433 572 3507 in
598 3433 748 3534 partibus
770 3430 811 3505 ad
834 3448 954 3506 certam
980 3431 1123 3532 aliquam

59 3543 164 3616 lucem
188 3544 300 3619 referri
324 3573 446 3644 posse,
475 3545 628 3647 etmulti
654 3547 828 3634 viderunt,
854 3563 886 3619 et
905 3574 940 3618 re
965 3543 1060 3644 ipsa,
1086 3561 1125 3618 ut

57 3688 145 3733 nunc
168 3678 239 3745 est,
265 3661 412 3735 conditio
435 3661 568 3734 indicat.
594 3664 734 3759 Egregie
758 3662 792 3735 in
816 3660 1014 3762 quibusdam
1039 3662 1123 3734 viam

59 3775 187 3876 praeivit
203 3776 326 3851 lllostr.
340 3779 447 3878 Heyn.
467 3779 573 3874 (Exc.
592 3775 657 3850 5et
674 3778 856 3873 liadVirg.
875 3779 952 3852 AEn.
964 3778 1070 3873 vlt),
1090 3792 1124 3848 et

58 3892 148 3980 fore,
164 3911 203 3965 ut
218 3893 282 3991 jam
296 3893 375 3966 dum
388 3894 457 3966 haec
471 3892 600 3980 scribo,
613 3892 656 3965 ab
672 3893 732 3983 iis,
751 3894 808 3994 qui
826 3893 994 3994 premium
1011 3890 1045 3963 in
1061 3891 1121 3964 hac

59 4008 220 4081 academia
246 4006 287 4080 de
314 4006 424 4082 eadem
451 4036 486 4080 re
513 4006 703 4109 explicanda
732 4011 942 4111 propositum
966 4007 1122 4082 ambituri
