2692 4672
140 282 206 367 430
415 282 455 347 r.
485 280 663 348 ov1n11
684 280 911 352 nasonis

138 422 234 496 Nunc
252 446 385 520 qnoque
401 416 471 492 liba
485 418 601 518 juvant
615 419 709 495 lestis
725 418 924 496 Matralibus
938 420 1049 497 illem:

187 533 324 621 Rustica
339 532 496 607 sedulitas
514 533 639 629 gratior
652 552 721 608 arte
737 533 811 607 suit.

138 659 254 740 Nunc,
273 652 336 738 ait,
353 681 374 724 o
390 669 497 739 vates,
515 650 680 725 venientia
695 650 762 724 sata
777 651 929 745 resigna,
1140 677 1176 731 555

185 769 263 865 Qua
278 766 355 842 licet
370 798 377 841 :
393 767 547 868 hospitiis
565 766 653 856 boc,
669 795 804 867 precor,
822 767 905 842 adde
921 768 1014 843 meis.

138 889 242 964 Parva
258 915 350 961 mora
368 903 417 959 est
432 915 440 959 :
454 883 568 960 caelum
589 902 678 959 vates
695 912 731 957 ac
748 884 883 957 numina
900 885 1023 973 sumit,

186 1004 304 1105 litque
322 1001 373 1076 sui
393 1019 464 1075 toto
484 1017 615 1100 pectore
634 997 733 1099 plena
749 997 813 1072 dei.

21 1110 25 1118 ¹
137 1121 202 1195 Vix
219 1117 310 1193 illam
328 1117 440 1191 subito
457 1142 574 1218 posses
591 1140 809 1209 cognoscem
826 1129 922 1186 tanto

186 1233 359 1321 Sanctior,
378 1249 412 1307 et
430 1248 545 1317 tanto,
566 1258 663 1331 quam
682 1228 804 1314 modo,
820 1228 928 1326 major
942 1246 1024 1304 erat.
1143 1251 1180 1320 sp

137 1355 226 1428 Luta
239 1378 353 1426 canam
368 1379 376 1422 :
391 1347 515 1444 gaude,
533 1345 683 1421 delimcta
703 1343 894 1432 laboribus,
914 1348 1000 1435 lno,

185 1467 302 1552 Dixin
322 1480 355 1537 et
372 1463 451 1538 buic
468 1461 594 1564 populo
613 1462 744 1536 dextera
762 1489 892 1562 semper
907 1462 996 1537 ades.

137 1587 267 1658 Numen
285 1581 349 1654 eris
369 1578 477 1680 pelagi
496 1609 504 1652 ε
520 1594 636 1652 natum
653 1607 787 1679 quoque
803 1596 931 1680 pontus
947 1579 1108 1668 habehim

185 1699 228 1769 ln
245 1693 361 1767 vestris
378 1690 469 1766 aliud
485 1693 603 1767 sumite
621 1721 740 1779 nomen
756 1694 863 1793 aquis.

137 1808 322 1888 Leucothoe
341 1806 466 1909 Graiis,
485 1808 616 1881 Matuta
633 1808 790 1882 vocabere
807 1809 955 1884 nostris:
1148 1827 1183 1896 stt

186 1932 226 2001 ln
243 1943 359 2029 portus
375 1940 454 1998 nato
471 1923 525 2022 jus
542 1923 604 1997 erit
622 1953 718 2000 omne
737 1943 807 1999 tuo.

136 2099 189 2150 bito
198 2091 310 2162 prefert
317 2092 419 2143 subitos
429 2090 502 2143 socos
509 2099 548 2143 est
559 2089 644 2143 subito
692 2088 833 2157 legendum
850 2088 954 2142 erit-
963 2092 1100 2151 &octabu
1115 2110 1186 2163 augo·

138 2169 281 2227 ealefaetus.
690 2167 768 2227 stior;
781 2166 891 2235 itaapud
903 2167 1043 2234 Plinium,
1054 2170 1186 2239 paulilli,

171 2248 227 2300 535.
240 2249 378 2312 Ιὶεείμανι
388 2244 457 2298 bene
468 2244 500 2298 de
512 2254 586 2309 vate,
600 2241 645 2312 qui
694 2244 724 2309 3,
739 2245 824 2298 Nerva
837 2266 850 2290 a
862 2256 971 2314 repente
987 2245 1019 2299 sat
1032 2247 1110 2301 solito
1119 2249 1188 2317 major

137 2323 225 2395 prodit
238 2323 456 2388 latentia-Qua
466 2326 528 2375 lice!
536 2331 605 2374 recte
617 2340 644 2374 se
692 2332 719 2374 et
733 2321 864 2390 augustior
872 2361 880 2389 ,
898 2343 911 2367 ι·
926 2322 1000 2391 quast
1016 2323 1103 2378 forme
1118 2324 1189 2377 dirior

138 2402 232 2466 babet,
245 2400 387 2454 Vossianus
400 2408 426 2451 et
441 2410 492 2451 tres
512 2398 570 2463 alii,
588 2402 645 2464 θυι
693 2399 809 2452 indutos.

137 2487 222 2544 libert
244 2498 329 2546 unus,
344 2482 405 2545 Qun
419 2481 502 2531 libet:
519 2477 644 2531 Heinsius
726 2480 781 2545 542.
793 2480 907 2532 Dextera
920 2496 970 2547 pro
978 2498 1104 2548 prospera
1115 2480 1190 2533 Heiu-

136 2559 241 2628 conjicit
258 2555 581 2626 Quamlibet-Teubnero
595 2555 645 2625 ple·
692 2555 744 2609 sius
756 2575 786 2608 ex
797 2566 910 2624 quatuor
922 2555 997 2610 MSS
1017 2559 1133 2628 recepit,
1145 2556 1191 2626 qui

137 2649 178 2693 cet
186 2656 246 2692 cum
252 2656 306 2690 uno
314 2638 501 2702 hospitabam,
509 2631 644 2686 Mediceus
693 2633 792 2687 etiaml
803 2633 846 2702 ,67
858 2633 905 2697 ,ad
914 2633 1193 2689 tanumzoexmm

136 2718 229 2788 officiis
240 2719 291 2769 tuis
304 2733 312 2766 .·
327 2714 406 2778 alius,
419 2710 512 2783 officiis
528 2717 596 2764 mer‘s.
615 2711 644 2764 si
692 2714 814 2775 ducam
826 2711 936 2764 Metam
950 2711 1024 2767 dieto
1034 2713 1092 2767 loeo
1100 2712 1195 2783 Νφ55·

137 2800 199 2847 mee's
218 2803 323 2863 propter
338 2809 496 2846 consensum
513 2799 551 2842 tor
569 2787 644 2842 codd.
693 2791 880 2858 nus,venerts
898 2792 1022 2860 precibus
1035 2802 1195 2858 ammoto,

138 2884 263 2937 tuemur,
282 2871 531 2940 interpretabimur,
551 2869 644 2938 quibus
693 2869 843 2923 natantibus
852 2869 891 2923 bis
903 2869 931 2923 iu
943 2870 1010 2924 meri
1023 2892 1037 2916 ι
1048 2886 1195 2939 nomenque

139 2968 208 3020 egos
217 2950 475 3017 necopino—Meis.
486 2946 644 3015 quodetiam
694 2968 708 2995 s
720 2946 799 3003 simul
808 2946 1080 3017 faciemquenomit:
1090 2947 1194 3003 taneo-

138 3027 235 3081 liabent
249 3025 324 3093 Regii
334 3023 452 3088 codices,
472 3023 539 3077 bene
556 3023 645 3077 inter-
694 3046 707 3072 o
720 3025 832 3095 theeque
843 3023 925 3080 deum
936 3045 997 3080 eum
1012 3036 1095 3080 matre
1109 3025 1193 3080 Pun-

139 3117 256 3178 pretatur
265 3105 356 3171 Giere'g.
365 3101 645 3157 Ed-Utsumereaui·
695 3126 709 3151 ν
722 3123 800 3157 mona
814 3103 884 3156 dixit.
899 3127 911 3151 o
926 3106 983 3158 Hos
993 3116 1090 3160 cuncta
1101 3103 1194 3159 Grecis

139 3203 234 3249 mum,
252 3183 318 3236 vires
336 3181 471 3246 dicimur,
488 3181 581 3248 quibus
604 3180 643 3233 vel
693 3179 1192 3247 venerabatur;Cicero,Nat.deor.lll,

139 3281 347 3327 commovemur,
355 3259 645 3329 velimplemurtsicva·
698 3263 734 3311 15.
748 3258 817 3310 Fons
828 3257 920 3313 sabulos
931 3280 963 3313 ex
977 3260 1089 3313 Homeri
1101 3258 1153 3313 od.
1165 3268 1193 3322 B,

139 3351 177 3396 tes
188 3344 344 3395 nuncsumit
356 3343 457 3393 rumim
469 3348 495 3391 et
505 3339 645 3397 celum‚si-
695 3341 742 3393 335
754 3339 989 3406 squ-Eandem
1004 3360 1060 3393 esse
1075 3340 1193 3392 latum

139 3437 170 3471 ve
178 3419 373 3474 vimcaelestem.
382 3418 488 3471 Servavi
498 3429 587 3471 autem
596 3416 645 3471 hoc
693 3419 876 3472 Romanorum
889 3421 984 3485 ,etism
997 3418 1109 3486 Cicero,
1121 3418 1193 3472 Tosc

139 3496 249 3548 verbum
261 3515 322 3549 eum
334 3495 554 3557 Mitsrberlicbio;
569 3495 647 3547 Bur-
694 3497 720 3561 l,
738 3516 765 3547 ra
778 3536 786 3562 ,
800 3508 888 3550 narrat
902 3517 930 3551 :s
943 3497 1039 3566 Quid?
1055 3500 1103 3552 loo
1113 3537 1122 3564 ,
1133 3494 1192 3550 cat

140 3592 253 3626 mannus
266 3584 357 3627 eontra
366 3594 396 3627 es
405 3592 459 3627 uno
471 3575 590 3626 Puteano
602 3573 643 3624 iu·
694 3596 708 3620 υ
722 3575 758 3626 mi
770 3575 838 3640 filia,
852 3595 941 3628 nonne
950 3575 1100 3630 leucothea
1111 3574 1192 3629 nomi·

140 3651 308 3710 veritseosr't.
321 3651 644 3720 quodmibiexiuterpret.
695 3675 709 3700 »
722 3663 782 3705 nata
800 3673 815 3705 a
832 3652 944 3718 Graecis,
967 3655 1071 3709 Matuta
1089 3655 1193 3708 habetor

140 3728 241 3784 fluxisse
255 3726 364 3781 videtur.
373 3730 464 3798 Neque
473 3740 576 3796 tempus
584 3748 645 3796 per·
696 3754 709 3777 r·
722 3751 737 3783 a
756 3731 850 3785 nostris
866 3731 878 3783 ἲ
894 3753 907 3776 »
921 3731 963 3784 De
978 3734 1081 3785 Matuta
1097 3732 1193 3786 Nonius

141 3808 239 3862 lectum
253 3805 296 3859 bic
313 3805 400 3859 locum
420 3808 513 3871 babet,
528 3807 588 3874 quia
602 3827 645 3860 se·
694 3809 802 3861 Marcel.
815 3828 828 3852 κ
844 3808 956 3860 Manum
972 3809 1068 3862 dieitur
1078 3810 1191 3869 clarum,

141 3886 270 3956 quiturfit.
278 3884 307 3938 si
315 3883 454 3954 placetlroc
462 3884 570 3936 verbum
581 3884 645 3937 ado-
696 3909 709 3933 »ι
723 3886 792 3938 unde
810 3885 889 3938 etiam
911 3905 988 3940 mane
1006 3899 1063 3956 post
1079 3888 1192 3941 tenebras

141 3977 230 4034 ptare,
248 3976 333 4030 certe,
353 3974 426 4018 utet
443 3963 546 4017 Teubn.
563 3963 644 4031 vidit,
695 3986 709 4010 a
722 3964 804 4016 nortis
815 3963 866 4015 diei
879 3983 937 4033 pars
947 3965 1040 4034 prima.
1053 3964 1119 4018 lude
1138 3964 1191 4018 Me·

142 4061 202 4095 eum
220 4043 281 4099 edit.
297 4041 555 4097 samonio-vvest.
569 4048 647 4096 sentit
695 4063 708 4089 ν
722 4051 793 4110 tute,
807 4060 864 4110 quae
876 4061 957 4112 grece
972 4043 1154 4096 Leucothea.»
1165 4064 1191 4081 ·
