2692 4672
403 334 458 403 IN
486 332 925 409 0-v1n11FAsros.
1129 336 1195 404 515

134 480 210 567 dio,
229 480 303 580 qui,
322 478 431 580 primo
443 476 534 553 bello
550 478 694 579 punico,
708 505 777 552 rem
787 476 825 550 in
834 474 943 551 Sicilia
960 496 1147 573 gesserant,
1165 497 1200 555 et

133 596 270 671 alterum
286 594 337 669 vel
353 593 491 670 alterum
514 592 700 669 Mamertini
722 618 906 687 cognomen
932 594 1094 696 accepisse
1118 595 1196 697 opi-

138 719 269 775 nantur.
283 702 348 774 Sed
363 700 442 776 dubi
448 719 481 775 to
493 756 505 789 ,
517 728 562 774 an
574 699 613 774 de
627 697 780 785 Valerio,
797 696 891 796 eujus
901 716 1010 799 partes
1024 701 1058 772 in
1070 701 1131 774 hac
1142 729 1202 775 ex-

136 816 304 917 peditione
313 814 463 889 secunda
469 831 577 901 erant,
591 830 625 888 et
635 813 675 888 de
687 813 883 909 cognomine
891 813 985 912 cujus
996 811 1123 889 nullum
1129 844 1202 891 ves-

138 930 256 1027 tigium
270 948 385 1017 exstat,
398 929 536 1025 cogitari
547 928 653 1017 liceat,
663 958 765 1031 Qum
774 929 924 1030 inspecto
937 925 1137 1030 Polybiou,
1152 930 1199 1029 r),

138 1049 193 1121 vix
208 1048 248 1121 de
263 1078 321 1132 eo,
340 1074 438 1148 quern
461 1045 602 1120 Ovidius
618 1045 744 1134 innuit,
764 1045 909 1120 dubitari
937 1062 1044 1147 queat.
1071 1046 1203 1147 Appius

139 1163 226 1236 enim
243 1162 402 1237 Claudius
417 1188 487 1233 non
506 1158 615 1235 solum
631 1160 791 1255 singulari
809 1159 979 1237 celeritate·
990 1160 1130 1261 primam
1146 1190 1204 1235 ex-

138 1279 341 1380 peditionem
363 1275 521 1363 confecit,
542 1277 697 1351 Messana
719 1275 847 1377 expulit
867 1275 1154 1373 Carthaginienses
1171 1295 1205 1351 ct

140 1396 321 1469 Hieronem
338 1392 554 1494 expugnavit,
572 1391 630 1465 sed
641 1408 674 1464 et
684 1410 799 1492 postea
810 1392 851 1466 ad
864 1392 1013 1494 exempla
1027 1395 1120 1469 navis
1133 1424 1205 1470 car-

139 1509 341 1604 thaginensis
354 1508 488 1581 classem
499 1507 674 1596 exstruxit,
688 1506 837 1608 praeliurn
847 1508 960 1584 navale
974 1508 1156 1599 commisit,
1171 1529 1205 1586 et

145 1622 288 1698 Caudicr's
298 1649 481 1719 cognomen
496 1622 572 1696 intle
588 1622 751 1699 iuvenisse
762 1624 903 1698 dicitur:
916 1625 982 1699 vid.
998 1625 1118 1728 Polyb.
1133 1624 1155 1699 l.
1174 1653 1202 1700 c.

143 1741 261 1814 Nonne
278 1739 368 1813 hunc
384 1737 517 1812 titulum
534 1738 676 1812 Ovidius
691 1757 855 1842 spectasse
871 1741 1040 1844 putandus
1053 1742 1140 1818 erit?

372 2224 474 2271 rtrtls
499 2224 738 2271 EXCURSUUM
760 2226 798 2270 ΙΝ
818 2224 965 2272 resto&
