2692 4672
142 362 184 402 aa
411 337 449 405 P.
482 336 665 404 OVlDll
699 333 927 407 NASONIS

142 475 265 567 Pagina
281 472 441 572 judicium
458 473 548 546 docti
565 471 713 546 subitura
730 490 880 546 movetur

191 589 379 688 Principis,
398 606 436 665 ut
452 587 563 662 Clario
579 589 678 661 missa
696 587 833 683 legenda
845 590 927 662 Deo.

144 706 228 800 Qua
246 703 289 776 sit
307 704 394 777 enirn
411 702 490 777 culti
506 703 659 778 facundia
674 705 838 780 sensimus
855 703 944 788 oris,

192 820 303 894 Civica
320 849 381 920 pro
401 819 536 920 trepidis
553 849 656 920 quum
674 818 755 893 tulit.
765 847 853 893 arma
868 818 942 892 reis.

143 934 271 1008 Scimus
286 952 337 1021 et,
356 936 396 1008 ad
414 953 544 1012 nostras
562 963 664 1035 quum
680 964 715 1009 se
732 934 809 1007 tulit
824 935 966 1034 impetus
983 948 1086 1017 artes,

193 1049 320 1144 Ingenii
339 1069 472 1124 currant
487 1049 622 1124 llumina
638 1067 761 1150 quanta
778 1048 836 1121 tui
1164 1125 1170 1134 ,

143 1166 178 1239 Si
196 1165 291 1255 linet,
309 1185 341 1240 et
358 1168 407 1240 saa
423 1184 493 1252 est,
510 1183 600 1239 vates
617 1193 693 1260 rege
709 1165 792 1238 valis
809 1163 974 1238 habenas:
1170 1183 1204 1235 25

142 1351 194 1426 quo
212 1377 254 1410 me
266 1357 378 1426 respicis.
392 1355 432 1408 lV
443 1376 474 1408 ex
486 1357 565 1410 Pont.
575 1373 646 1423 vm,
696 1355 788 1408 actoris
800 1373 908 1424 operam
919 1357 1039 1406 urbanam
1049 1362 1124 1406 vocat
1133 1358 1204 1407 mli-

143 1434 647 1501 68,adeumdemGermanienm,«Ju·
695 1438 767 1486 tiam.

143 1536 156 1561 u
169 1514 236 1566 dicio
248 1513 361 1579 pretium
371 1530 411 1563 res
424 1512 501 1564 babet
510 1513 556 1564 ista
568 1521 621 1565 tuo.
632 1535 645 1558 »
729 1513 766 1563 23.
779 1515 899 1578 Impetus.
917 1510 1001 1573 calor,
1018 1509 1139 1578 spiritua,
1151 1528 1204 1562 en-

177 1609 215 1661 iq.
231 1594 345 1656 Fama,
362 1590 442 1649 liber;
464 1591 520 1655 ill,
538 1611 581 1663 ⁷9¹
596 1611 602 1643 :
617 1593 645 1645 in
695 1589 849 1643 thuaiasmua
861 1588 992 1656 poeticus,
1005 1588 1085 1640 etiam
1100 1587 1157 1653 Vl,
1169 1588 1203 1651 6;

141 1670 232 1739 primis
257 1666 289 1719 de
311 1668 393 1721 Faatie
417 1668 558 1723 dicebatur.
586 1668 644 1722 Vid.
693 1667 772 1720 lVex
782 1666 1146 1735 Ponto‚u,25,«lmpetua
1159 1665 1204 1719 ille

141 1745 304 1799 Sebwaraiue
315 1745 345 1796 ad
359 1746 488 1809 Plinium,
501 1765 590 1815 paneg.
605 1764 647 1816 qa.
697 1765 710 1789 ν
722 1763 806 1809 sacer,
820 1746 961 1815 qui-vatum
973 1754 1077 1813 pectora
1086 1746 1213 1798 nutrita

144 1823 176 1876 ln
191 1821 286 1874 librum
305 1823 396 1875 transit
417 1835 502 1878 metue
519 1825 646 1887 animi„
696 1823 764 1876 ltem
775 1823 912 1889 Phaedrus,
927 1824 976 1888 lv,
988 1823 1039 1876 lab.
1049 1839 1132 1887 xxiv,
1147 1845 1204 1891 7.—

141 1899 229 1966 itaque
252 1911 362 1951 moretur
384 1902 547 1965 reverentia,
573 1911 646 1952 tam-
693 1902 932 1969 Iaegmi'stamenin
948 1902 1058 1954 maxima
1074 1912 1101 1953 et
1117 1913 1203 1968 poete

142 1993 220 2043 quam
233 1973 358 2043 legendus
366 1976 514 2028 mitteretur
524 1976 645 2044 Apollini.
693 1976 769 2031 laude
786 1981 913 2048 ponitur,
933 1991 960 2033 et
974 1981 1092 2031 oratoris.
1108 1981 1202 2049 ltaque

142 2053 222 2106 -De
237 2056 321 2106 Clario
331 2053 389 2107 vide
402 2054 433 2107 ad
446 2056 457 2107 Ι
472 2056 582 2108 Metam.
590 2059 645 2109 515.
696 2053 854 2122 Quintilli,
864 2075 889 2121 r,
900 2057 948 2122 br,
960 2056 1090 2110 Pindarus
1101 2059 1204 2110 excellit

141 2132 289 2184 Bocm'm
309 2131 457 2187 Gemtanici
471 2152 531 2186 vere
544 2133 644 2199 laudat,
694 2132 790 2183 «vetut
808 2132 921 2199 quodam
939 2131 1094 2200 eloquentiae
1111 2133 1203 2187 llumi-

142 2219 171 2262 et
181 2209 318 2263 commode
329 2210 357 2262 in
370 2210 532 2264 dedicatione
548 2213 646 2265 carmi-
678 2225 681 2234 ’
700 2230 787 2278 „nea
798 2209 838 2261 De
846 2209 996 2262 Germanici
1009 2209 1161 2277 ingeniolV
1172 2232 1203 2265 er

140 2287 189 2341 nia
204 2287 306 2343 Confer
323 2289 409 2340 locum
424 2290 551 2358 insignem
570 2291 597 2343 ll
615 2309 645 2342 ex
697 2292 799 2353 Ponto,
818 2304 885 2353 vm,
902 2289 950 2361 59,
972 2310 985 2335 κ
1006 2286 1088 2355 Quod
1104 2289 1154 2341 nisi
1176 2302 1202 2344 te

141 2366 223 2420 Pont.⁴
233 2371 261 2429 5,
274 2368 323 2435 49,
334 2384 381 2433 sqq
391 2387 398 2426 ;
410 2377 467 2418 turn
487 2368 645 2420 Suetonium
696 2386 710 2411 υ
721 2383 821 2418 numen
835 2377 937 2420 tantum
949 2364 981 2417 ad
993 2366 1093 2432 maiora
1105 2386 1202 2420 vocas-

29 2466 32 2471 ·
142 2441 224 2510 Calig.
232 2445 260 2507 4,
271 2440 315 2493 ubi
324 2443 346 2493 ei
358 2441 481 2494 tribuitur
491 2443 645 2512 «ingenium
696 2463 709 2487 ν
721 2452 776 2507 aet,
788 2442 878 2497 Gloria
889 2442 1026 2496 Pieridum
1037 2461 1140 2495 summa
1152 2443 1202 2494 su-

141 2543 154 2566 a
168 2521 195 2572 in
207 2531 320 2587 utroque
332 2519 488 2588 eloquentie
504 2520 646 2575 doerfine-
695 2541 709 2566 n
723 2529 795 2574 turus
803 2541 867 2576 erae.
877 2543 890 2570 ι
902 2522 937 2574 Et
948 2522 1078 2587 poeticum
1089 2522 1147 2588 ejus
1158 2523 1203 2574 in-

123 2634 126 2639 .
143 2617 156 2640 a
170 2614 220 2663 que
231 2614 326 2666 genere
339 2596 493 2665 protelem.
504 2619 517 2643 a
530 2598 594 2650 Mox
603 2598 644 2652 ad·
694 2596 800 2664 genium
813 2598 892 2650 etiam
905 2595 982 2648 bodie
995 2607 1104 2650 testatur
1116 2601 1202 2655 versio

140 2670 220 2738 ditur,
234 2694 247 2717 α
259 2671 353 2725 Oravit
363 2689 453 2727 caum
462 2675 543 2727 etiam
556 2675 645 2728 trium·
693 2673 777 2726 Arati.
789 2673 961 2741 Beseentanje
973 2675 1107 2741 observat,
1118 2694 1203 2733 mm-

141 2772 155 2797 »
168 2749 271 2818 phalea,
283 2761 360 2818 atque
370 2751 438 2804 inter
449 2751 645 2807 catenatudio-
693 2747 778 2802 deme
789 2750 886 2820 poetica
899 2749 993 2804 virtute
1005 2772 1019 2804 a
1031 2752 1201 2820 Quintiliano

138 2853 155 2879 a
170 2848 229 2882 rum
243 2841 416 2883 monumenta
428 2831 532 2900 reliquit
546 2848 645 2886 oomoe-
693 2828 803 2881 nummis
829 2825 916 2879 ellerri
942 2827 1067 2880 laudibus.
1094 2830 1200 2885 Verum

140 2932 154 2955 a
167 2907 221 2962 diae
232 2928 333 2979 grecae.
346 2931 359 2953 ιι
374 2908 415 2962 De
427 2910 524 2973 cauete,
541 2927 604 2977 quas
617 2911 643 2963 in
695 2904 891 2971 Quintilianus,
904 2904 945 2969 Χ,
957 2921 985 2970 r,
997 2925 1026 2975 qr
1037 2936 1046 2970 ,
1057 2922 1115 2958 non
1126 2906 1200 2962 bunc

137 2983 197 3037 soro
207 2984 275 3054 egit,
288 2984 356 3038 conl.
368 2984 421 3036 Dio
431 2983 501 3038 Cau.
513 2981 591 3049 ΙΝΙ,
606 2988 644 3040 ab.
694 2979 949 3044 Germanicum
956 2976 1139 3035 Domitianum
1147 2987 1199 3040 Im·

140 3063 236 3118 Poeain
261 3074 287 3115 et
314 3062 489 3130 eloquentiam
512 3058 643 3118 sorensem
694 3067 843 3127 peratorem
860 3056 999 3124 intellexit,
1016 3059 1074 3123 eui,
1088 3064 1198 3116 neceni·

138 3143 243 3211 plurimi
258 3140 336 3195 simul
354 3141 480 3194 colebant
499 3140 577 3194 Hanc
598 3158 644 3195 or·
693 3145 749 3194 tate
759 3149 877 3202 coactus,
888 3139 979 3208 passim
991 3139 1109 3194 adulatus
1119 3153 1199 3195 eet·-

138 3233 199 3274 nate
210 3223 305 3275 Noster
315 3219 414 3273 extulit.
425 3247 458 3258 -
470 3221 530 3272 oris
544 3221 644 3275 mentio
692 3217 793 3270 silicet
801 3216 879 3283 etsas
887 3226 927 3269 est
936 3216 1048 3269 formula
1058 3218 1197 3286 solemnis,

138 3317 205 3366 supe
225 3298 255 3352 fit
273 3299 299 3350 in
318 3296 428 3350 oratorie
448 3295 619 3365 descriptione
635 3340 643 3367 ‚
694 3293 773 3347 etiam
784 3314 861 3349 satra.
874 3295 973 3359 Livius,
987 3294 1016 3356 Ι,
1031 3316 1053 3346 a.
1066 3315 1079 3339 κ
1092 3296 1199 3362 Quem-

139 3376 215 3443 eiqne
227 3376 351 3427 tribuitur
360 3394 389 3427 ω
398 3377 510 3428 latalaum.
526 3392 639 3440 lucam,
694 3394 710 3420 ν
721 3389 833 3441 cumque
844 3393 905 3427 enm
923 3373 973 3426 dici
988 3373 1028 3440 jue
1039 3370 1126 3440 sasque
1134 3386 1175 3428 eat
1185 3400 1198 3424 a

135 3458 239 3524 plerum
249 3464 298 3506 ete.
310 3452 495 3519 Eloquentiam
507 3469 644 3505 commen·
687 3451 728 3508 ¹de
740 3449 826 3505 AEnea
835 3454 904 3506 inter
911 3453 982 3505 Deoe
989 3449 1077 3501 relato.
1084 3449 1137 3502 Sed
1146 3472 1199 3520 quo

140 3532 184 3585 dat
201 3531 234 3584 ab
250 3529 432 3583 bonestieeimo
450 3529 507 3595 eiua
526 3547 593 3593 usu,
614 3541 644 3584 ut
693 3548 767 3582 nunc
778 3531 820 3584 illa
832 3530 967 3584 refertur?
982 3528 1093 3581 Lenaiua
1102 3532 1199 3584 aubin-

139 3607 280 3671 Horatius,
294 3605 337 3670 ΙΙ,
353 3604 406 3657 0d.
422 3625 430 3657 r
444 3643 452 3668 ‚
469 3606 512 3670 ιδ,
525 3605 568 3657 ubi
581 3606 645 3660 Pol·
693 3603 860 3672 telligit‚vel‚
871 3606 1198 3678 ntvateevateminspiret,

138 3687 174 3740 lio
182 3686 300 3754 «insigne
308 3681 407 3736 moestia
413 3680 558 3749 praesidium
566 3683 622 3736 reia.
630 3705 643 3732 »
693 3682 734 3735 vel
743 3693 771 3735 ut
779 3694 806 3735 tu
816 3682 993 3737 exeulilareae.
1004 3683 1086 3736 Possis
1097 3699 1123 3739 et
1131 3691 1197 3741 enb-

140 3765 264 3819 Aetionea
281 3761 396 3814 forenses
413 3760 525 3814 libenter
537 3781 644 3831 compa·
692 3759 772 3827 jicere
781 3755 919 3825 cogitando
928 3794 935 3821 ,
945 3757 966 3810 ai
975 3758 1033 3812 licet
1044 3771 1118 3815 tuum
1127 3764 1197 3815 auxi-

139 3841 232 3894 rabant
250 3850 352 3892 vetere·
376 3857 435 3890 eum
463 3858 570 3908 pugua3
590 3840 645 3894 ci·
692 3834 759 3886 lium
770 3835 1196 3904 implorare—nqetalmsnou

138 3935 213 3984 cero,
229 3920 249 3979 1.
268 3917 317 3971 Or.
336 3916 382 3981 34ς
402 3914 596 3984 Quintilianus,
611 3919 641 3983 1,
693 3906 781 3962 differt
791 3928 806 3962 ὃ
816 3910 949 3978 superiore
960 3916 1037 3981 dirige
1047 3922 1120 3970 navis
1130 3923 1193 3979 itm

137 4009 163 4057 r,
188 4011 237 4064 aq,
255 3994 299 4047 nbi
322 4002 349 4046 et
367 4012 438 4046 arma
458 3994 642 4050 deseribuntur
692 4001 756 4036 Μ
767 3985 936 4053 gubernatori
949 4010 1051 4062 quoqne
1064 3995 1196 4046 uariaba-

136 4066 221 4135 quati·
240 4070 333 4123 notorie
349 4089 403 4125 ease
424 4069 519 4128 deceat
544 4071 643 4128 Cicero
691 4064 926 4122 teutn'bnuntur.
933 4071 1076 4129 Videadll
1084 4074 1193 4129 Metam.
