2692 4672
410 329 465 396 nt
490 328 678 396 ovrnrr
702 327 925 397 rasros.
1134 331 1199 415 sas

136 470 227 546 blice
246 468 401 569 expositae
416 484 451 542 ct
466 465 580 542 adfixae
596 483 689 542 crant
704 464 814 565 (uncle
829 470 1083 570 παραπήγματα),
1101 486 1148 558 et,
1165 490 1203 545 ut

138 587 310 662 c'l’hcone
330 593 339 623 ¹
358 583 510 670 videtur,
527 610 596 658 non
613 580 818 679 singulorum
841 600 968 657 tantum
987 585 1046 660 scd
1067 585 1202 660 nuderi-

139 703 228 801 ginti
243 726 422 787 annorum,
442 698 500 799 qui
516 696 645 799 cyclum
667 698 730 772 sub
747 698 893 773 Metonis
913 699 1047 773 nominc
1066 701 1204 775 circum·

142 821 249 898 latum
266 818 475 905 efficiebant,
496 833 705 916 tempestates
723 816 885 891 sideribus
901 818 971 891 suis
989 817 1207 913 adsignabaut

141 955 177 1013 ct
192 933 422 1040 praedicebant
445 970 481 988 -·
504 931 659 1005 Servatus
676 931 773 1006 etiam
791 950 860 1006 crat
876 961 965 1023 mos,
983 932 1018 1007 iu
1034 937 1207 1035 preceptis

142 1050 278 1127 rusticis
298 1045 505 1144 singulorum
521 1045 729 1140 negotiorum
752 1064 901 1150 tempora
925 1076 993 1122 non
1016 1047 1058 1122 acl
1080 1075 1207 1122 menses

145 1193 325 1268 corumque
339 1165 426 1251 dies,
436 1162 495 1237 sed
508 1162 548 1236 acl
563 1161 705 1236 siderum
719 1180 813 1237 ortus
824 1182 856 1237 ct
872 1192 1007 1238 occasus
1016 1164 1207 1266 praecipcre,

146 1302 180 1359 et
195 1299 372 1385 postquam
387 1278 504 1355 rustici
520 1279 556 1351 in
572 1278 647 1381 ipso
665 1278 744 1352 caelo
763 1280 933 1354 obscurare
948 1280 1130 1370 desierant,
1147 1281 1209 1355 ha-

146 1430 219 1476 rum
241 1397 426 1474 tabularum
442 1406 505 1498 ope
521 1393 663 1492 cujusvis
677 1395 794 1468 sideris
807 1412 900 1470 ortus
916 1413 950 1470 ct
966 1423 1101 1470 occasus
1116 1425 1210 1498 repc-

147 1517 299 1601 nebant,
324 1531 356 1587 et
373 1512 414 1585 ad
431 1511 553 1586 mensis
573 1509 643 1584 dies
663 1508 856 1584 referebant.
877 1510 1074 1586 observatio
1094 1512 1210 1588 harum

148 1629 357 1716 tabularum,
374 1627 437 1702 etsi
452 1655 519 1699 non
532 1627 702 1723 rigorosa‚
727 1643 834 1699 tamen
853 1653 938 1727 saepc
955 1645 1104 1703 accurata
1120 1649 1209 1718 erat,

147 1766 189 1823 nt
200 1750 267 1848 jam
276 1745 413 1820 Psaffius
428 1744 595 1833 'monnit,
615 1744 673 1846 qni
691 1743 787 1816 etiam
803 1742 923 1816 criticae
933 1772 995 1844 ope
1006 1744 1040 1831 in
1057 1764 1212 1825 contextu

150 1879 419 1966 parapegmatum
433 1856 599 1934 interdum
616 1875 775 1960 corrupto
792 1857 958 1932 veritatem
976 1861 1212 1936 restituendam

151 2005 221 2053 csse
234 1977 356 2052 docuit.

199 2092 278 2166 Duo
294 2107 373 2167 sunt
383 2088 519 2190 antiqua
532 2102 762 2189 parapegmata
772 2111 896 2180 magun
906 2085 1129 2176 auctoritatis,
1142 2115 1214 2189 quae

152 2208 396 2284 observationes
414 2203 547 2279 illorum
564 2221 854 2289 astronomorum,
872 2200 1005 2274 nomine
1020 2201 1216 2305 plerumque

152 2325 379 2410 laudatorum,
397 2323 496 2397 nobis
511 2338 691 2397 servarunt.
707 2319 857 2393 Alterum
874 2336 924 2392 est
935 2319 1103 2395 Ptolcmaei
1120 2324 1217 2420 (Pe-

155 2442 233 2516 tarii
262 2436 443 2532 Uranolog.
471 2465 546 2538 pag.
570 2438 669 2537 94),
698 2453 731 2509 ct
746 2436 937 2510 inscribitur
961 2451 1062 2536 φάσεις
1081 2446 1217 2514 ἀπλανῶν

154 2570 372 2655 ἐπισημασιῶν,
396 2554 447 2630 vel
464 2567 562 2654 φάσεις
583 2562 719 2629 ἀπλανῶν
736 2560 783 2626 καὶ
800 2564 982 2649 coruncanius
1002 2613 1011 2644 ‚
1037 2560 1128 2659 quod
1147 2561 1214 2659 jam

153 2672 286 2750 aSuida
299 2671 460 2747 laudatur.
471 2667 619 2764 Singulis
627 2671 790 2744 mensium
804 2669 921 2743 diebus
932 2688 1025 2745 ortus
1037 2691 1069 2746 et
1081 2702 1218 2749 occasus

156 2821 195 2866 cx
219 2789 384 2864 variorum
407 2784 599 2860 auctoritate
625 2815 700 2861 cnm
728 2793 928 2880 ἐπισημασίαις
952 2787 1128 2883 adsignat3
1151 2791 1218 2866 hoc

158 2926 265 2981 tamen
285 2905 458 3008 proprium
477 2901 603 2989 habet,
629 2903 718 3002 quod
745 2922 777 2976 et
804 2901 956 2977 scholion
979 2904 1127 2997 iudicat,
1153 2938 1219 2982 non

190 3084 200 3114 ¹
218 3079 294 3133 Theo
306 3080 339 3133 ad
350 3078 426 3134 Arati
438 3077 529 3132 Phaen.
539 3082 561 3131 st
570 3071 594 3130 st*
606 3079 665 3144 μετὰ
712 3097 731 3132 s.
744 3081 790 3144 48,
804 3088 898 3147 quarto
912 3101 1016 3151 quoque
1029 3102 1100 3136 anno
1115 3083 1220 3136 easdem

157 3161 256 3215 uisos«
272 3158 404 3232 ἄντρονὲμνι
419 3165 458 3210 καὶ
473 3164 568 3213 scissas
580 3157 603 3207 ἰν
616 3165 667 3213 ταῖς
712 3155 798 3209 redire
812 3176 843 3209 ex
856 3156 966 3212 Eudoxo
984 3159 1069 3211 tradit.
1087 3158 1219 3214 Omnium

159 3242 237 3291 nutu
249 3239 329 3295 itum
344 3244 393 3309 apt
408 3245 453 3288 τῶν
468 3246 507 3290 τοῦ
526 3239 587 3295 ilios
600 3255 664 3304 seps·
712 3234 926 3290 silibctm'niaeros
933 3237 1059 3303 ambitus,
1070 3237 1155 3291 redire
1168 3259 1220 3294 eas·

161 3325 232 3391 sufuso
252 3321 297 3366 τῶν
322 3313 607 3386 ὶννννααιθικνντνρίδων,
631 3313 665 3363 ὅτι
713 3311 775 3365 ‹lem
789 3313 857 3366 vices
869 3313 1042 3381 quadriennio
1060 3326 1148 3368 exacto
1163 3317 1220 3370 Eu·

160 3391 209 3447 soel'
220 3398 311 3445 tasum
324 3391 422 3442 ἶνιαντᾶν
436 3395 524 3443 rstiso's
536 3395 600 3444 iesus
615 3413 666 3456 χιι·
714 3387 794 3443 (lotus
804 3400 892 3457 putat,
907 3410 961 3443 non
975 3402 1115 3444 ventorum
1125 3393 1219 3461 modo,

160 3478 211 3538 μὸν
221 3508 228 3535 ,
237 3479 277 3524 καὶ
286 3472 371 3522 rocbss's
383 3473 436 3541 inp,
446 3474 485 3520 sat
493 3470 577 3519 rosisse
583 3471 665 3541 θὶρνς,
714 3486 806 3521 verum
813 3466 972 3537 reliquarum
979 3479 1163 3540 tempestatum
1169 3492 1222 3525 ma·

161 3558 201 3604 cst
215 3552 300 3602 tuton
318 3551 450 3620 flns'xopsn
465 3552 504 3596 καὶ
518 3551 599 3597 τνινῖδι
614 3549 666 3597 ἔνι·
716 3566 804 3615 guaer
814 3556 886 3617 purte
895 3568 901 3609 ;
911 3545 981 3600 cous.
990 3546 1147 3617 Columella,
1156 3550 1223 3603 libro

161 3651 203 3696 μοι
214 3633 252 3679 καὶ
266 3627 394 3698 ssllslrpls
402 3630 521 3694 βιωῃλιῖς
533 3631 611 3694 χριίας
620 3633 667 3681 τοῖς
717 3623 776 3691 ill,
792 3641 835 3688 vt,
850 3623 872 3691 §.
885 3625 908 3689 4.

162 3700 667 3779 ἀνθρώποις.δίεηὶωνανννιὶυεςυωη-
748 3704 813 3757 ²lu
835 3701 902 3754 libro
921 3704 1047 3773 egregio,
1075 3725 1129 3774 quo
1149 3705 1220 3757 omni

162 3795 251 3847 retur,
264 3781 457 3834 undevicesimo
467 3800 569 3850 quoque
581 3799 666 3844 anuo,
717 3779 777 3833 huic
786 3791 941 3851 argumento
950 3785 1071 3851 praeclarc
1082 3787 1166 3836 lucem
1179 3783 1221 3835 ad·

164 3880 216 3931 quo
230 3859 345 3912 Metonis
361 3859 447 3929 cyclus
464 3859 587 3926 incoepit,
606 3876 666 3911 cum
718 3860 795 3914 tulit:
809 3865 851 3915 De
865 3866 958 3915 ortibus
971 3874 997 3916 et
1008 3865 1139 3916 occasibus
1154 3867 1207 3916 side

164 3937 256 3992 iisdem
271 3936 370 3989 ortibus
382 3936 486 3988 casdem
503 3946 668 4004 tempestates
716 3958 769 3990 rust
781 3942 853 4006 apud
859 3948 973 3992 auctores
984 3943 1106 3992 classicos
1114 3957 1226 4012 ιννιννις

164 4016 250 4069 redire
266 4014 417 4069 credebant.
433 4014 543 4068 Bresius
555 4015 668 4084 spatium
717 4022 820 4068 moratis
827 4018 1011 4079 Commutatio,
1017 4015 1220 4084 Gotlsir5ae1786,

165 4114 267 4167 ponens
276 4095 344 4150 Plin.
354 4092 467 4161 xv111,
478 4113 498 4148 s.
510 4097 551 4164 57,
562 4092 652 4149 collll
659 4133 667 4161 ‚
716 4099 819 4161 punio
831 4104 927 4146 amata.
