2692 4672
137 303 200 389 124
409 302 447 368 r.
475 244 658 371 ovinu-
681 296 908 367 nasonis

180 448 286 546 Inque
303 442 483 518 Palaestine
498 443 645 540 margine
662 442 746 516 sedit
763 469 865 544 aquae.

134 560 287 662 Populus
303 577 337 633 et
352 587 462 634 cannae
477 560 624 659 riparum
643 586 769 632 summa
786 556 964 644 tenebant,
1149 576 1197 647 465

184 679 349 778 Spemque
366 677 486 750 dabant
501 674 631 763 salices,
649 675 713 749 hos
731 701 864 775 quoque
880 701 979 773 posse
995 673 1074 770 tegi

135 796 227 868 Dum
245 794 342 881 latet,
360 795 507 868 intonuit
521 810 618 866 vento
633 819 771 865 nemus:
790 788 845 862 illa
863 789 981 864 timore

185 907 308 995 Pallet,
327 926 360 982 et
375 907 514 982 hostiles
533 906 637 980 credit
653 906 766 979 adesse
781 932 908 978 manus.

137 1027 250 1124 thue
268 1022 340 1097 sinn
359 1041 473 1096 natum
491 1020 614 1109 tenuit,
631 1019 820 1094 Succurrite
835 1019 1017 1122 Nympha,

187 1142 232 1213 Et
249 1141 310 1214 Dis
325 1136 484 1216 auxilium
501 1136 582 1211 ferte
600 1135 754 1224 dnobus,
771 1136 827 1209 ait.
912 1168 915 1173 ¹
1152 1156 1200 1231 430

138 1258 206 1330 Nec
222 1284 333 1342 mora,
350 1252 524 1356 prosiluit;
539 1254 650 1328 Pisces
668 1252 798 1328 subiere
813 1250 960 1348 gemelli:

188 1373 255 1444 Pro
275 1399 343 1471 quo
360 1399 467 1455 nuuc,
486 1370 610 1458 cernis,
630 1369 737 1444 sidera
752 1396 874 1443 munus
890 1367 1025 1441 babent.

141 1485 222 1561 lude
239 1486 330 1560 nefas
348 1487 473 1561 ducunt
490 1513 594 1580 genus
608 1485 674 1559 boc
688 1487 858 1586 imponere
876 1483 1019 1571 mensis,

189 1604 258 1674 Nec
274 1600 398 1674 violant
415 1601 521 1674 timidi
538 1601 688 1703 piscibus
706 1629 764 1675 ora
780 1600 864 1701 Syri.

143 1716 315 1791 PROXIMA
331 1715 388 1790 lux
403 1744 506 1789 vacua
523 1734 596 1791 est:
611 1734 645 1790 at
661 1716 756 1790 tertia
772 1714 859 1791 dicta
878 1713 1041 1812 Qnirin03
1156 1730 1204 1805 ⁴7⁵

143 1879 201 1932 »ad
227 1879 329 1934 flumen
352 1880 514 1950 Euphratem
539 1882 618 1934 venit.
636 1902 651 1927 s
699 1873 1204 1944 nuscumiilioinflurinmseproiioit,

145 1956 241 2012 Ovidio
257 1956 297 2012 IV
318 1959 429 2014 Metam
449 1960 501 2027 46,
521 1963 656 2016 vausune·
699 1961 786 2028 ibique
800 1958 910 2027 figuram
927 1955 1036 2027 piscium
1048 1956 1136 2007 forms
1147 1971 1206 2008 mu·

144 2047 206 2089 sunt
220 2036 288 2109 Syri.
698 2048 743 2091 tat.
752 2037 904 2094 -subere,
920 2043 994 2102 tergo
1004 2031 1154 2086 sustinuere
1166 2038 1205 2082 st·

177 2114 232 2179 466.
249 2119 305 2168 llos
315 2135 416 2184 qnoque.
431 2113 652 2185 Hecverbaplu-
698 2134 748 2184 que
766 2131 858 2166 venere
873 2110 1103 2171 Deos-Sidere,
1123 2118 1153 2161 ut
1169 2106 1207 2161 si-

147 2211 188 2245 res
196 2192 258 2247 tau.
268 2194 450 2259 offenderunt3
463 2208 490 2249 et
496 2213 588 2264 parum
597 2196 654 2265 pia-
699 2190 762 2242 dera
776 2228 782 2254 ,
795 2190 866 2241 inter
883 2185 968 2243 sidera
982 2186 1064 2241 relati.
1077 2186 1118 2242 Ex
1134 2186 1206 2239 Voss

145 2281 214 2326 nent.
226 2273 317 2327 Heius.
329 2275 398 2342 conj.
406 2277 447 2326 his
455 2273 593 2343 quoquere!
602 2277 652 2335 bic,
701 2267 802 2322 Arond.
816 2269 914 2321 Maras.
925 2279 952 2320 et
964 2267 1047 2322 tribus
1059 2265 1114 2319 aliis
1123 2265 1209 2319 Hein-

149 2350 209 2420 qnia
222 2350 249 2404 in
262 2367 317 2402 uno
330 2349 413 2402 varic.
427 2352 488 2410 hoc,
502 2352 530 2403 in
542 2360 655 2419 quatuor
700 2346 752 2400 sius
767 2345 865 2416 recepit
882 2349 982 2413 dignum
999 2347 1083 2398 sidera
1101 2359 1209 2408 sennen

148 2428 203 2484 aliis
213 2447 249 2479 se.
260 2427 352 2480 Burm.
364 2425 437 2480 malit
453 2429 494 2480 tis
504 2427 545 2479 vel
555 2433 594 2479 sr'c
604 2426 621 2479 i.
631 2446 655 2480 e.
702 2444 861 2495 quamquam
874 2435 947 2494 putat
961 2463 968 2489 ,
984 2442 1057 2494 pesse
1075 2432 1103 2475 et
1120 2425 1210 2474 celn-

150 2504 285 2556 Venerem
296 2503 366 2557 inter
372 2503 473 2569 salices,
486 2503 547 2557 tinet
561 2502 655 2555 bumi-
702 2507 816 2559 rescribi.
826 2507 927 2560 Verum
943 2502 1061 2558 Gronov.
1071 2498 1135 2554 Obs
1152 2500 1210 2565 IV,

149 2583 186 2636 les
194 2592 295 2650 essent,
306 2594 333 2638 et
343 2602 447 2639 summa
462 2593 565 2636 tantum
581 2593 657 2636 tene-
706 2585 751 2651 18,
765 2584 862 2637 retinet
873 2583 942 2651 vulg.
954 2585 1049 2642 cernet,
1067 2577 1113 2634 sed
1132 2578 1211 2648 signis

151 2669 212 2715 rent
226 2660 360 2732 riparum,
376 2672 465 2718 temen
478 2680 552 2732 posse
569 2660 656 2714 latere.
704 2666 889 2735 parentheseos
902 2661 1039 2715 inclusum.
1051 2659 1134 2712 Bene.
1147 2658 1212 2711 Pas-

152 2739 228 2794 ldem
240 2742 309 2809 coni·
320 2761 350 2792 os
360 2761 454 2809 reoque
464 2780 472 2806 ‚
484 2760 540 2792 11011
554 2749 658 2792 1111111111ι
704 2746 753 2799 sim
762 2744 842 2800 Ovid.
851 2742 945 2812 aliique
954 2750 1037 2811 poete
1045 2743 1127 2791 cernis
1138 2747 1165 2791 et
1172 2742 1212 2789 or'-

153 2817 283 2871 inierinris
293 2819 408 2886 corporis
420 2827 514 2886 partes,
523 2815 567 2870 sed
576 2827 603 2868 et
615 2834 660 2867 11·
705 2826 757 2884 des,
770 2822 822 2876 scil.
832 2829 861 2872 ut
870 2825 986 2878 δεικτικῶς
997 2815 1213 2870 inserunt-Ge·

152 2897 401 2964 pue-Tqrautem
410 2893 658 2947 mouetdictumes·
705 2902 822 2957 austae,
835 2914 930 2964 nempe
947 2891 1212 2962 animantium-Sy·

153 2992 195 3040 se,
205 2982 234 3025 ut
243 2972 388 3038 Liexxt,
400 2975 432 3037 54
444 2991 451 3024 :
462 2993 475 3017 «ι
489 2969 661 3039 Locusequiti
706 2994 747 3030 ms
762 2973 871 3043 piscium
888 2993 934 3028 esu
954 2971 1105 3026 abstinuisse
1126 2968 1214 3039 piures

155 3074 169 3098 2·
181 3068 286 3122 quoque
297 3046 409 3121 tegendo
417 3049 477 3103 satis
488 3047 637 3101 latebrosus.
646 3069 659 3095 a
707 3052 821 3109 endunt.
834 3052 903 3105 Vide
918 3054 1000 3120 Neap.
1014 3052 1101 3106 Etiam
1114 3051 1217 3122 Hygia.—

155 3158 188 3171 -
197 3132 319 3190 Intonuit,
329 3128 355 3180 id
366 3126 436 3197 quod
451 3130 575 3187 insonuit,
590 3125 662 3194 quud
708 3133 733 3188 d.
742 3134 798 3186 loeo
807 3151 813 3184 :
823 3154 836 3178 «
846 3133 937 3199 ltaque
945 3129 1040 3200 Syros,
1050 3132 1094 3201 qui
1104 3128 1144 3183 bis
1155 3128 1214 3182 iocis

155 3205 198 3263 alii
210 3209 283 3265 MSS
294 3209 417 3264 exhibent
428 3218 454 3263 et
463 3207 574 3277 pretulit
589 3206 662 3259 Mit-
710 3235 723 3259 »
733 3218 795 3264 sunt
808 3208 928 3279 proximi,
937 3207 1063 3262 destitisse
1074 3210 1157 3278 pisces
1169 3205 1216 3261 esi·

156 3287 247 3343 sebert.
256 3287 357 3342 Eadem
370 3288 488 3353 varietas,
501 3287 541 3340 xl
551 3286 662 3339 Metam.
710 3313 723 3338 »
736 3301 805 3354 esre,
817 3287 888 3357 quod
896 3297 1038 3340 vereantur
1049 3305 1093 3338 eos
1107 3304 1214 3352 capere,

161 3365 216 3430 sbi,
227 3377 304 3435 atque
310 3367 377 3421 alibi.
387 3369 493 3432 Boreas,
503 3367 544 3420 Vl
553 3366 662 3419 Metam·
710 3391 723 3415 s
736 3386 770 3421 ne
778 3367 855 3420 simili
864 3384 940 3420 musa
949 3374 995 3416 aut
1007 3364 1127 3417 Deorum
1143 3381 1217 3430 prrs-

158 3441 224 3513 595,
237 3440 270 3495 de
281 3463 308 3496 se
321 3454 348 3497 et
358 3443 489 3509 fratribus,
497 3448 591 3497 nostris
602 3459 664 3494 coo·
712 3472 725 3496 ν
736 3446 801 3502 sidia
809 3448 962 3517 impugnare
970 3443 1217 3506 videantur,auteon

158 3522 272 3572 cursitas
278 3525 461 3576 intonntether.
467 3519 520 3574 Sed
535 3521 578 3574 111
585 3518 664 3573 Trist.
713 3549 726 3575 s
736 3527 805 3598 ipsos
816 3535 927 3596 captane.
939 3544 952 3568 o
964 3549 998 3563 ·-
1007 3518 1079 3572 Hine
1090 3531 1218 3574 vocantur

157 3616 192 3666 Χ,
205 3599 253 3665 4⁵.
266 3600 364 3652 ΒΜ(
374 3600 598 3665 [1111111ἳὶ11οΜ
606 3599 665 3649 alls·
716 3605 816 3666 Tunilr‘,
827 3610 976 3656 reverentes
988 3596 1153 3649 Deorum·
1158 3599 1217 3652 Vin-

159 3705 193 3718 ·-
204 3675 264 3730 lioe
274 3675 332 3730 loco
345 3676 442 3746 Regius
453 3685 542 3730 noster
555 3673 577 3730 C
588 3675 666 3730 habet
712 3684 778 3740 lare,
795 3681 855 3751 qnia
863 3677 919 3732 talis
927 3695 986 3730 esus
998 3672 1120 3727 nefarius.
1187 3702 1191 3709 ·

158 3761 282 3819 intonuit,
300 3755 353 3808 dno
371 3754 412 3808 alii
429 3759 558 3819 e’nrsonur'Q
573 3766 600 3809 et
617 3773 665 3823 pro
746 3759 870 3827 ⁴75-5n.
882 3757 1032 3822 Quirinalia,
1042 3763 1100 3824 post
1111 3749 1218 3806 nometi

160 3839 219 3889 dun
230 3839 306 3894 latet,
323 3831 429 3901 quidam
439 3871 446 3899 ,
456 3843 486 3885 ut
497 3832 666 3885 Burmannus
714 3833 979 3894 extensuminstituta,
994 3842 1021 3885 et
1029 3826 1219 3886 xnlltatenu

161 3911 254 3979 docet,
266 3910 365 3965 hebent
377 3909 522 3976 densaret.
536 3908 584 3963 Ed.
716 3911 856 3965 Murtsive
867 3910 909 3964 die
925 3930 952 3979 ¹7
964 3912 1042 3965 Febr.
1052 3907 1222 3963 celebrata.-

193 3990 250 4054 tus.
265 3987 417 4044 Secundum
431 3985 530 4059 Hygin.
542 3985 567 4039 d.
584 3987 602 4040 1.
611 3988 668 4061 Ty·
720 3989 819 4049 Vacnn,
832 4005 929 4056 nempe
941 3989 1018 4043 saeris
1029 3984 1148 4053 adeoque
1159 4000 1222 4052 pro-

161 4061 668 4138 phonnvmapparuu2quotaeso,Ve
715 4063 934 4134 tenes-Dicta,
950 4063 1222 4129 nummu-(³¹¹²
