2692 4672
397 105 704 177 rasrouun
730 106 831 176 ura.
865 109 945 177 111.
1142 109 1202 204 ιθ,

194 244 338 335 Graecia3
355 245 554 335 facundum,
572 245 629 320 sed
645 244 729 321 male
746 245 833 320 forte
848 272 962 343 genus.

135 359 213 456 Qui
229 359 313 433 bene
328 376 509 460 pugnarat,
524 362 712 438 Romanam
729 377 863 435 noverat
880 378 1003 436 artem:

191 475 328 547 Mittere
344 475 402 574 qui
417 491 546 576 poterat
563 473 650 575 pila,
669 473 812 547 disertus
828 492 906 549 erat.

143 588 231 686 Quis
249 609 329 664 tunc
347 609 405 666 aut
419 591 574 692 Hyadas,
593 607 652 665 aut
665 589 816 665 Pleiadas
832 591 1001 667 Atlanteas
1159 613 1205 666 105

192 709 365 796 Senserat,
381 727 438 782 aut
454 709 603 805 geminos
620 736 691 782 esse
708 708 771 782 sub
788 738 848 783 axe
864 707 987 810 polos?
1102 719 1104 723 ’

143 821 225 895 Esse
244 821 324 896 duas
338 825 483 911 Arctos3
502 850 641 923 quarum
659 822 833 922 Cynosura
850 840 983 923 petatur

192 938 358 1027 Sidoniis,
376 939 514 1014 Helicen
533 940 633 1013 Graia
649 941 759 1014 carina
772 944 893 1014 notet?
959 1032 962 1037 Ι

144 1054 312 1156 Signaque
328 1086 400 1158 quac
416 1057 519 1155 longo
535 1057 635 1130 scater
653 1074 841 1159 percenseat
855 1086 964 1146 anno,

190 1170 243 1242 Ire
260 1197 320 1270 per
334 1171 403 1244 bac
419 1200 489 1245 uno
505 1196 618 1245 mense
634 1171 759 1244 sororis
776 1172 909 1271 equos?

145 1284 261 1359 Libera
279 1288 474 1376 currebant,
492 1306 526 1362 et
542 1287 754 1361 inobservata
769 1292 965 1389 perannum

192 1402 305 1478 Sidera
319 1435 327 1478 ε
341 1405 516 1481 constabat
532 1404 591 1480 sed
609 1423 717 1478 tamen
735 1432 806 1479 esse
821 1408 924 1481 Deos.
1086 1456 1111 1489 .-

148 1515 222 1590 llon
239 1516 289 1590 illi
305 1517 382 1593 eaelo
401 1518 545 1594 labentia
562 1518 658 1613 signa
674 1518 871 1607 movebant3

147 1687 192 1732 tat.
201 1678 228 1732 ll
237 1717 245 1745 ,
255 1677 337 1748 Epist.
344 1697 365 1747 t,
378 1680 423 1736 156
431 1699 438 1734 ε
446 1678 569 1734 «Grecis
577 1687 652 1747 capta
698 1704 732 1716 -
740 1679 821 1732 Notel.
831 1678 958 1734 Similiter
970 1680 1011 1735 lll
1023 1680 1135 1736 Metam.
1149 1689 1206 1756 595,

149 1758 261 1812 »serum
271 1758 486 1829 victoremcepit‚
495 1756 651 1812 etartesln-
699 1764 779 1807 nauta
789 1755 843 1807 ait:
860 1777 874 1801 ιι
892 1756 973 1811 oculis
987 1757 1073 1813 sidera
1084 1764 1208 1816 notavi.»

147 1853 159 1879 ν
172 1836 232 1890 tulit
245 1837 339 1907 agresti
351 1837 431 1891 Latio.
444 1860 458 1884 υ
473 1837 527 1893 Ubi
539 1834 651 1906 populus
699 1834 854 1895 -Pctatur,
869 1851 950 1903 quam
958 1846 1107 1904 sequantur.
1119 1866 1155 1881 -
1167 1844 1209 1894 Ire

143 1914 277 1981 vincitur,
289 1914 514 1969 vincuntur-eriam
527 1914 651 1985 quaein,
694 1912 805 1974 perduc
816 1920 865 1963 etc.
884 1910 1022 1980 Quoniam
1036 1934 1126 1970 cursus
1139 1917 1208 1974 luust

142 2000 216 2045 sunt
229 1989 356 2043 Similiter
365 1990 443 2047 Ovid.
456 2010 534 2062 supra
545 1993 571 2059 l,
590 1992 649 2058 523,
699 2004 753 2038 non
770 1987 885 2040 multum
903 1987 1016 2043 declinat
1030 2011 1044 2045 a
1059 2012 1136 2049 cursu
1148 1998 1209 2053 solis

141 2073 218 2120 os'cts
234 2073 318 2116 tanes
335 2072 419 2120 misces
435 2067 503 2123 lusit.
522 2068 652 2122 Krebsius
700 2062 804 2128 (verius
818 2066 911 2132 terre)
925 2077 1062 2136 propterea
1083 2081 1110 2124 et
1125 2073 1207 2143 ipsam

139 2147 233 2195 ort-las
248 2140 357 2210 interpr.
371 2153 469 2211 spretas
486 2162 501 2196 a
516 2144 650 2199 Romanis
699 2141 839 2196 duodecim
855 2144 928 2214 siqua
944 2145 1041 2201 zodiaci
1053 2168 1208 2217 percensere

136 2216 237 2274 Heius.
249 2237 314 2272 vcro
322 2218 379 2273 leet.
391 2221 468 2275 unius
475 2221 547 2274 bled.
558 2225 651 2277 etVat
697 2220 837 2280 ceruimus.
851 2224 932 2277 Hunc
941 2226 1145 2282 cursumdiebus
1159 2251 1202 2300 ²7·

134 2304 235 2353 doctas
246 2301 385 2351 oe'ctorr'bss
394 2309 462 2353 ortes
471 2300 652 2369 simpliciorem
698 2298 769 2355 boris
781 2301 810 2366 8,
822 2301 944 2364 conticit;
961 2316 1081 2375 respectu
1092 2307 1152 2363 solis
1164 2330 1208 2364 atr-

135 2388 168 2432 et
183 2376 348 2447 apertiorem
361 2376 455 2431 credit
472 2377 548 2432 ldem
561 2397 650 2449 porro,
698 2389 753 2433 tem
765 2378 856 2432 diebus
867 2399 913 2451 aq,
929 2378 1000 2441 boris
1014 2382 1052 2433 1³.

134 2471 227 2526 quum
235 2454 264 2507 in
279 2473 333 2508 uuo
344 2454 444 2509 Medic.
458 2464 535 2510 actas
544 2458 654 2526 reperis-
734 2473 778 2510 m
798 2458 890 2507 Libera
898 2455 1033 2526 eleganter
1044 2458 1135 2514 eadem
1148 2483 1207 2532 qun

134 2545 191 2601 tet,
199 2534 421 2604 arcaswnjecit,
427 2553 482 2588 nou
490 2535 653 2605 improbante
696 2535 862 2586 inobservata.
871 2532 997 2585 Sumtum
1013 2532 1062 2588 boc
1076 2537 1108 2589 ab
1119 2537 1208 2592 bomi-

132 2608 236 2667 Burm.
244 2613 326 2681 quiae
335 2613 465 2684 principio
473 2612 655 2682 Tuchuoest
696 2610 777 2663 nibus
787 2620 832 2663 aut
845 2609 995 2679 pecudibus,
1005 2632 1074 2682 quse,
1082 2614 1146 2669 dum
1157 2639 1207 2672 sos

135 2690 245 2747 tenui
257 2691 343 2759 possit
352 2692 392 2746 lta
402 2707 466 2745 vero
478 2708 533 2743 non
545 2700 650 2752 auctas,
698 2693 871 2748 observantur.
883 2692 961 2743 libere
970 2711 1059 2747 errare
1073 2692 1207 2750 dicuntur.

138 2768 333 2838 adaugendas
341 2780 409 2827 astes
419 2768 559 2825 victoribus
572 2767 656 2822 tradi-
697 2766 818 2820 -Recte
830 2766 922 2822 Burm,
931 2769 1062 2838 improbat
1074 2774 1206 2829 rationem

145 2846 451 2917 disens-tussam,
467 2862 561 2919 mm
572 2846 653 2914 sorte,
698 2844 803 2899 Heiusii
813 2865 874 2900 mox
888 2849 1044 2918 corrigentis
1057 2862 1140 2903 tamen
1152 2872 1208 2905 esse

145 2926 653 2996 mode,quatenussuccubuitllomanis.
696 2942 772 2983 sess.
794 2934 840 2977 sut
860 2943 916 2977 esse
933 2929 990 2987 diu,
1011 2927 1070 2994 quia
1087 2927 1115 2979 in
1127 2927 1208 2981 nuti-

171 3006 222 3058 ιώ.
232 3004 430 3058 Astronomism
436 3002 599 3073 potissimum
607 3019 655 3054 no·
698 3001 783 3056 ebena
796 3003 867 3053 Deos
877 3020 982 3054 arnanu
994 3021 1044 3054 sec.
1055 3015 1121 3066 erat,
1133 3022 1208 3058 eram

146 3084 246 3149 minat,
263 3083 326 3151 qnia
341 3082 403 3135 inde
421 3082 545 3150 temporis
561 3079 654 3134 divisio
696 3079 781 3133 veteri
797 3079 931 3145 scriptura.
945 3078 1115 3146 Quamquam
1129 3094 1207 3136 vete-

147 3161 251 3231 pendet.
260 3161 352 3213 -Sss
361 3178 423 3221 asc,
436 3159 464 3211 in
474 3157 527 3211 line
539 3168 653 3225 utroque
697 3176 740 3210 res
748 3153 957 3209 cursumborum
965 3154 1081 3209 siderum
1090 3174 1143 3212 non
1155 3161 1209 3214 ob.

149 3240 378 3312 ask-Cynosura.
389 3240 483 3292 Arctos
492 3237 654 3308 miuorfly-
697 3231 846 3295 servabant,
858 3241 946 3284 tamen
959 3251 989 3284 ea
1000 3232 1141 3290 credebant
1153 3259 1208 3293 ese

152 3312 653 3464 restaurante.
698 3309 1208 3447 astisteruntllll

152 3492 168 3519 s
179 3469 461 3538 luut‚prioreutuntur
470 3470 561 3531 Arete
575 3467 655 3522 Phos-
699 3468 865 3521 astronomiae
875 3468 1030 3536 studebant,
1043 3471 1089 3524 sed
1103 3475 1141 3527 rei
1156 3474 1209 3525 rni-

152 3571 167 3598 υ
179 3548 428 3621 uicesauteanuam
437 3567 507 3604 asuo
516 3549 654 3601 inventore
699 3547 775 3601 litari.
786 3574 821 3588 —
830 3549 908 3615 Signa
925 3548 1003 3602 babet
1021 3560 1048 3601 et
1063 3551 1169 3615 calum,
1181 3560 1224 3607 et.

153 3649 167 3677 s
176 3624 322 3696 (Thalete)
334 3640 501 3702 sumperunt,
516 3627 655 3680 observant
700 3625 834 3678 exercitus.
842 3625 913 3678 Hinc
924 3626 965 3679 ille
976 3626 1045 3680 lusus
1054 3649 1061 3688 t
1071 3628 1097 3678 in
1107 3645 1160 3694 quo
1171 3637 1210 3678 ta·

152 3726 167 3752 ·
181 3702 351 3775 Cynosuram
366 3723 374 3760 ε
388 3717 415 3762 ει·
430 3708 499 3762 banc
516 3703 656 3759 studiosius
700 3722 763 3756 meu
772 3709 902 3758 monebant
912 3705 980 3772 justo
991 3705 1165 3757 durimetiam
1175 3704 1208 3757 ad

154 3779 374 3851 »perspiciendm
382 3780 526 3853 diligentius
534 3782 654 3849 navigare
700 3781 1209 3851 signacaelestiarelatum.'l'aubner.rui

156 3861 372 3917 »existimatisne
385 3880 399 3908 ν
409 3860 448 3917 tbi
458 3862 517 3918 side
531 3860 656 3916 Munker.
702 3860 829 3913 Krebsius
853 3864 1012 3923 assentitur,
1033 3860 1209 3916 revocandum
