2692 4672
420 360 474 427 ru
499 358 683 428 0v1o11
706 359 927 431 rusros.
1132 364 1198 458 497

141 502 175 573 in
201 498 358 594 religione
380 516 511 600 patrum
536 499 746 601 potissimum
772 501 952 587 versantia,
978 500 1061 576 adeo
1085 532 1201 605 parum

140 617 335 692 auctoritate
351 615 490 691 valuisse
503 634 534 690 et
545 617 768 690 virtutibusse
780 616 1021 692 commendasse
1031 619 1199 708 videntur,

141 754 179 810 ut
195 735 261 811 nisi
275 734 368 835 prius
383 735 520 822 amissa,
540 752 648 809 tamen
662 734 755 836 poesi
773 758 883 830 grecae
898 734 934 806 in
950 734 1078 810 Italiam
1096 757 1202 814 trans-

141 847 214 924 latae
234 848 346 923 statim
364 848 537 935 cederent,
559 865 591 921 et
614 875 688 921 cum
709 847 750 920 iis
772 846 886 948 patria
901 844 966 920 illae
982 850 1099 924 veteris
1116 854 1203 927 Latii

143 962 224 1037 ideae
239 961 401 1056 religiose
418 980 452 1035 et
463 961 568 1062 mytbi
582 960 672 1035 baud
688 961 787 1034 dubie
801 959 974 1062 perierint,
989 959 1036 1034 ita
1048 979 1099 1049 ut,
1114 993 1202 1040 non-

142 1078 207 1151 nisi
226 1077 261 1149 in
285 1076 378 1150 sestis
400 1093 433 1149 et
456 1077 577 1150 ritibus
602 1074 790 1150 domesticis
815 1073 925 1174 aliqua
949 1102 1063 1148 eorum
1087 1080 1203 1153 notitia

143 1209 290 1280 servata,
311 1219 415 1267 causae
433 1190 559 1267 rituum
576 1182 709 1266 illorum
730 1191 925 1292 plerumque
947 1190 1102 1294 perirent.
1122 1195 1203 1269 lude

143 1305 240 1379 simul
254 1324 406 1408 apparet,
426 1335 484 1380 cur
498 1306 562 1406 ipsi
577 1322 701 1378 veteres
713 1304 749 1376 iu
765 1304 888 1405 mythis
903 1323 937 1379 et
954 1306 1078 1393 causis,
1096 1335 1115 1379 a
1130 1309 1204 1406 qui-

142 1422 207 1496 bus
222 1422 308 1495 serias
325 1438 358 1495 et
373 1421 563 1495 ceremonias
579 1419 764 1492 domestice
778 1420 962 1521 repeteudae
979 1438 1103 1509 essent,
1120 1421 1201 1497 adeo

142 1538 175 1610 in
186 1539 311 1611 diversa
319 1535 479 1621 abierint,
497 1562 599 1634 quum
614 1551 722 1608 vetera
736 1532 792 1606 itta
805 1553 1019 1608 monumenta
1028 1535 1079 1610 vel
1094 1536 1205 1637 depcr-

146 1655 213 1726 dita
225 1670 348 1739 esseut,
363 1650 414 1725 vel
428 1651 472 1724 ob
486 1649 689 1725 inconditam
702 1649 848 1746 linguam
864 1649 917 1724 vix
932 1651 1202 1747 intelligerentur.

145 1769 267 1842 Grecis
276 1784 386 1841 autem
400 1765 522 1840 sabulis
535 1763 633 1839 litera
648 1793 789 1840 romanae
803 1783 880 1838 tunc
892 1753 1100 1866 potissimum
1121 1768 1201 1842 citra

144 1882 281 1957 dubium
295 1880 422 1955 obrutae
439 1897 540 1967 sunt,
564 1908 668 1979 quum
687 1877 798 1974 graecis
814 1878 922 1978 poetis
937 1896 971 1951 et
986 1881 1203 1982 scriptoribus

144 1995 307 2072 vertendis
327 1994 468 2067 Romani
491 1992 659 2089 ingenium
684 2018 830 2065 exercere
853 1986 1048 2093 coepissent,
1073 2013 1106 2068 et
1126 2011 1204 2069 tuuc

144 2116 297 2201 maxime,
316 2141 421 2213 quum
430 2140 492 2213 pro
503 2112 616 2185 Crono
625 2108 808 2194 Saturnum,
828 2138 890 2210 pro
900 2111 994 2188 Rhea
1006 2111 1123 2213 Opem,
1142 2144 1205 2216 pro

144 2231 274 2305 Baccho
283 2230 429 2304 Lr'berwo
439 2228 692 2314 substituerent,
710 2224 832 2307 sactum
846 2242 914 2314 est,
935 2245 973 2300 ut
988 2229 1093 2328 mytbi
1108 2231 1206 2325 graeci

142 2347 184 2418 ad
200 2348 266 2420 hac
276 2346 411 2419 nomina
423 2344 601 2419 donrestica
613 2342 819 2418 reserrentur.
835 2345 887 2416 lta
899 2343 933 2415 in
943 2341 1055 2416 multis
1069 2345 1202 2436 accidit,

141 2478 180 2533 ut
195 2461 328 2535 nonnisi
344 2461 476 2534 nomina
495 2460 536 2533 ad
553 2460 682 2532 Latium
699 2459 897 2558 pertinentia
911 2478 1053 2553 arguant
1070 2463 1205 2559 religio-

141 2605 215 2649 nem
233 2605 346 2650 eorum
363 2576 410 2650 ibi
429 2576 641 2649 domesticam
660 2602 751 2660 esse3
775 2573 894 2650 fabulo
911 2605 1025 2653 omnes
1043 2605 1060 2651 e
1081 2579 1205 2656 Graecia

140 2694 250 2794 petitae
267 2711 355 2768 sunt.
374 2691 657 2766 Jucundissimum
671 2689 806 2777 accidit,
826 2691 854 2764 si
873 2690 1004 2790 quaudo
1022 2713 1203 2770 commuta·

144 2813 243 2885 tionis
269 2838 382 2885 eorum
409 2836 483 2881 cum
506 2807 700 2881 numinibus
728 2806 839 2901 grecis
863 2825 1067 2884 momentum
1090 2808 1201 2913 aliqua

141 2958 216 3002 cum
238 2921 520 3000 verisimilitudine
546 2920 799 3022 deprehendisse
826 2922 925 2998 nobis
950 2922 1053 2999 videri
1079 2955 1202 3028 possu-

142 3175 173 3209 ει
189 3155 331 3208 accessione
348 3153 483 3207 literarum
502 3168 644 3221 grecarum
692 3151 790 3213 lanus,
811 3150 886 3221 cujus
902 3153 1030 3224 precipue
1054 3155 1088 3209 ibi
1112 3168 1200 3227 partes

140 3235 228 3305 lingua
237 3232 334 3285 micum
343 3234 370 3286 iu
381 3233 491 3288 modum
499 3239 598 3286 mutata
608 3249 644 3283 es·
691 3229 767 3283 suere
781 3231 793 3299 (
800 3230 871 3285 unde
883 3229 971 3303 Lydus
983 3252 997 3286 a
1008 3235 1108 3303 potiore
1123 3255 1130 3288 ε
1147 3239 1198 3291 Σέ-

140 3325 195 3381 set,
215 3313 256 3364 vil
267 3310 412 3378 intellecta,
423 3320 544 3383 'quorum
555 3319 653 3364 autem'
690 3313 736 3361 icoc
747 3309 912 3372 ὑμνοποιοῦντις
921 3313 958 3361 ra'a
971 3301 1057 3374 ierom)
1069 3312 1198 3367 Saluum

140 3410 264 3463 maguam
275 3389 328 3442 vim
340 3408 394 3443 esse
404 3389 436 3443 ad
448 3388 643 3462 intelligendam
693 3383 789 3454 (quam
805 3380 920 3436 formam
940 3385 995 3441 vuit
1009 3387 1100 3458 scat)
1115 3393 1198 3446 Lm.

139 3472 250 3542 patriam
269 3466 455 3540 mythologiam
474 3479 575 3522 certum
596 3477 642 3522 est.
689 3469 755 3527 tius,
775 3463 922 3526 Volumnia,
936 3466 1046 3529 Mania,
1064 3469 1198 3524 Pilumnus

138 3551 177 3604 Ea
185 3549 256 3603 enim
265 3545 453 3614 numina‚quae
461 3545 489 3598 in
498 3544 546 3598 ittis
554 3546 643 3599 nomi·
690 3551 847 3609 occurruut‚
860 3540 893 3595 de
911 3560 1024 3612 quomrm
1041 3547 1195 3616 antiquitate.

137 3628 218 3682 uatim
230 3634 388 3689 occurrunt,
404 3623 457 3690 jam
470 3632 533 3676 tunc
549 3622 642 3675 Romae
690 3632 717 3676 et
730 3621 870 3676 domestica
882 3621 909 3674 in
923 3620 997 3676 Italia
1008 3621 1133 3694 religione
1151 3629 1195 3696 ju-

135 3709 204 3764 cutta
216 3727 269 3762 esse
286 3745 293 3773 ‚
315 3703 430 3773 judicare
449 3702 523 3766 licet,
542 3711 569 3754 ct
587 3702 641 3768 jam
689 3697 775 3754 dicare
787 3699 854 3753 licet.
871 3698 950 3752 Aliud
967 3720 1060 3755 eorum
1075 3723 1195 3758 commo--

135 3801 234 3843 veteres
246 3783 407 3857 grammatici
420 3801 451 3835 ex
465 3801 513 3848 eo,
529 3780 550 3833 si
569 3778 639 3849 quod
689 3775 754 3830 dum
772 3779 798 3831 in
818 3796 850 3831 eo
867 3788 1003 3845 versetur,
1023 3791 1070 3846 ut,
1089 3781 1111 3833 si
1128 3782 1193 3850 quid

135 3888 234 3923 numen
246 3868 273 3920 in
283 3865 394 3920 illisnon
406 3863 512 3917 obvium
521 3871 593 3928 erat,
606 3860 639 3914 de
688 3853 757 3908 aliud
771 3895 778 3921 ,
796 3854 902 3924 antiqua
920 3873 1013 3910 eorum
1032 3855 1139 3926 lingua,
1159 3859 1191 3913 ad

134 3946 230 4000 seriore
240 3946 296 4011 cjus
304 3942 447 3996 accessione
454 3940 638 4008 conjecerunt;
688 3951 776 3985 veram
789 3933 926 3986 notionem
937 3931 1048 3987 deorum
1059 3952 1192 4002 quorum-

136 4023 208 4088 (eid.
220 4021 285 4075 infra
303 4020 336 4073 de
349 4020 485 4084 Venere).
503 4017 534 4070 ln
552 4015 638 4085 paucis
670 4009 748 4064 'dam
758 4012 961 4066 domesticorum
977 4012 1129 4081 conjectura
1144 4016 1192 4069 ad-

135 4102 178 4167 tis.
190 4092 571 4170 quatrabemus,sragmentis,
585 4111 636 4148 nc.
661 4134 665 4145 .
686 4090 845 4160 sequendam
860 4089 944 4146 ducat.
1029 4146 1032 4153 ,
1096 4104 1109 4115 ··

232 4190 297 4259 Vl.
1013 4182 1052 4248 3²
