2692 4672
191 327 235 427 ,²⁶
463 333 502 396 r.
538 330 713 397 ov1n1r
745 329 970 400 nasonis

234 464 411 565 Verbaque
427 466 612 540 honoratus
629 466 732 542 libera
750 487 872 569 praetor
888 470 999 544 babet.

187 581 249 653 Est
266 608 421 682 quoque,
441 611 508 684 quo
527 583 688 684 populum
704 584 758 683 jus
774 603 824 658 est
840 585 1011 660 includere
1028 585 1155 686 septis:

236 696 298 767 Est
314 724 467 797 quoque,
487 699 543 798 qui
560 727 651 772 uouo
669 726 798 798 semper
813 699 856 772 ab
874 700 953 772 orbe
972 698 1066 773 redit.

188 809 344 884 Vindicat
359 814 523 888 Ausonias
538 814 685 888 Junonis
703 842 780 887 cura
796 813 979 888 Kalendas:

237 926 353 1001 Idibus
368 927 439 1004 alba
455 931 532 1003 Jovi
549 930 705 1026 grandior
721 959 804 1023 agua
822 931 909 1004 eadit
925 961 933 1002 :

188 1042 354 1117 Nonarum
374 1046 473 1121 tutela
489 1050 563 1120 Deo
581 1063 668 1119 caret
682 1075 690 1116 :
706 1045 863 1120 omuibus
880 1045 976 1131 istis,

236 1159 285 1231 Ne
302 1158 410 1234 lallare
429 1189 526 1247 eave,
546 1150 716 1259 proximus
733 1179 802 1235 ater
816 1161 889 1234 erit.

190 1273 296 1346 Omen
312 1275 354 1348 ab
373 1293 490 1349 eventu
508 1293 559 1347 cst
574 1305 581 1347 :
598 1275 665 1349 illis
682 1306 757 1351 nam
775 1279 884 1359 Roma
902 1277 1021 1352 diebus
1119 1314 1121 1319 ·

236 1389 365 1463 Damna
384 1390 448 1463 sub
464 1390 599 1465 adverso
619 1392 726 1466 tristia
742 1395 849 1467 Marte
868 1392 953 1466 tulit.
1197 1416 1251 1467 'so

221 1589 259 1641 53.
268 1588 432 1653 Macrobius,
444 1611 455 1633 n
464 1589 630 1654 comitiales,
641 1591 695 1659 qui·
744 1592 766 1644 F
767 1601 907 1660 requeutat
915 1590 1010 1644 Noster
1019 1590 1067 1643 boc
1076 1608 1185 1643 nomeu.
1191 1589 1252 1643 Fes-

189 1687 202 1709 ι
213 1666 261 1719 bus
271 1685 331 1718 cum
342 1668 439 1734 populo
448 1669 487 1737 agi
497 1669 571 1738 licet,
582 1692 594 1713 »ι
606 1669 693 1733 idest,
744 1679 784 1719 tus
796 1687 802 1719 ι
817 1689 829 1711 «
843 1668 986 1719 Ausoniam
999 1666 1134 1736 appellavit
1144 1668 1249 1733 Ausou,

188 1743 257 1813 leges
268 1744 346 1809 terri,
365 1745 467 1799 suaderi
484 1758 527 1799 aut
546 1746 694 1799 dissuaderi.
744 1766 757 1790 ι·
771 1743 871 1814 Ulyssis
889 1753 914 1795 et
936 1741 1063 1816 Calypsus
1082 1742 1171 1810 lilius,
1192 1763 1249 1797 earn

187 1819 241 1872 Sed
252 1822 362 1888 Noster,
373 1835 401 1876 ut
410 1836 501 1893 poeta,
514 1844 571 1877 rem
579 1826 695 1878 sensibus
745 1833 872 1891 »partem
886 1821 980 1886 ltalia,
997 1823 1024 1873 iu
1037 1840 1088 1889 qua
1103 1821 1180 1874 urbes
1193 1823 1250 1875 Be-

187 1898 314 1966 subjeeit,
327 1907 446 1969 populum
463 1907 589 1957 includere
601 1909 689 1970 septr's,
744 1923 756 1947 u
770 1912 914 1955 neveutum
927 1911 953 1953 et
967 1899 1043 1952 Cales
1056 1918 1062 1952 :
1075 1899 1171 1953 deinde
1188 1918 1252 1970 peu·

189 1975 260 2044 quod
272 1999 302 2030 ex
312 1981 402 2050 Antio.
417 1984 494 2036 Rom.
507 1985 699 2048 notum-Qui
744 2003 757 2026 ν
771 1980 844 2033 latim
860 1991 913 2032 tota
931 1978 1004 2031 ltalia
1018 1977 1086 2031 dicta
1098 1977 1225 2031 Ausonia.
1237 1999 1250 2023 ιι

188 2071 254 2106 nono
263 2065 311 2109 etc.
321 2058 474 2112 Institutum
487 2070 543 2112 erat
554 2059 619 2112 vela
634 2059 695 2112 Ro-
744 2060 844 2131 Heyuii
856 2079 952 2112 excurs.
965 2056 1014 2123 lV,
1028 2055 1059 2109 ad
1073 2056 1135 2109 AEn.
1148 2057 1252 2110 vlt.-

188 2132 275 2201 mlo,
288 2137 344 2203 vel,
359 2149 387 2191 ut
396 2139 437 2192 atii
447 2139 569 2205 tradunt,
580 2137 695 2191 aServio
744 2130 983 2194 Nauorum-..caree
996 2134 1080 2186 torma
1090 2133 1250 2202 exquisitior,

189 2207 292 2280 Tettio,
306 2227 336 2268 ut
346 2227 405 2269 octo
417 2216 508 2270 diebus
519 2218 546 2271 iu
559 2217 625 2287 agris
636 2235 696 2268 rus·
744 2233 840 2282 quam,
859 2215 941 2268 Nous·
956 2214 1036 2268 tutela
1049 2212 1100 2266 Dei
1111 2223 1211 2266 carent.
1220 2240 1254 2252 -

189 2285 232 2340 tiei
240 2306 305 2359 optes
313 2293 442 2357 lacerent,
452 2304 619 2345 uouoautem
629 2310 696 2360 quo-
748 2294 870 2344 omnibus
879 2298 938 2345 istis
949 2305 997 2346 etc.
1008 2291 1111 2346 Omnes
1123 2290 1195 2357 dies,
1207 2292 1253 2359 qui

189 2366 329 2434 quedisad
336 2381 512 2423 mercaturam
522 2369 695 2422 exercendam
744 2370 868 2439 postridie
885 2384 961 2425 erant
978 2370 1126 2434 Kalendas,
1147 2371 1254 2434 Nonas,

189 2445 310 2517 legesque
322 2446 483 2518 arripiendae
496 2448 610 2501 Romam
622 2447 697 2499 veni·
745 2448 808 2503 Idus
821 2451 886 2517 (dies
895 2448 1254 2521 postriduanos),Poutitiees

190 2535 257 2577 rent.
274 2524 343 2593 Lege
357 2524 500 2580 Hortensia
513 2523 652 2589 ellectum,
667 2534 697 2575 ut
745 2536 827 2589 atros,
846 2528 988 2589 infaustos,
1007 2525 1254 2577 babendosstatue-
1294 2520 1327 2543 ”

187 2600 245 2656 sesti
261 2615 346 2657 essent
363 2605 398 2658 illi
412 2604 485 2670 dies,
502 2604 594 2671 quibus
609 2601 697 2656 rustici
730 2615 825 2673 ‚runt,
845 2626 941 2675 nempe
961 2607 994 2656 ab
1014 2610 1108 2656 eventu.
1125 2601 1256 2657 Veterum

188 2680 246 2736 lites
253 2691 452 2751 componerent.
464 2679 579 2735 Cautum
590 2691 679 2733 temen
689 2717 697 2742 s
746 2686 817 2737 euim
824 2684 973 2756 superstitio
982 2681 1013 2734 ad
1023 2681 1078 2734 dies
1088 2678 1254 2747 attendebat,

189 2779 224 2812 ne
242 2762 270 2814 iu
289 2763 406 2830 primum
423 2761 485 2813 anni
505 2760 593 2827 dmm,
612 2769 657 2812 aut
669 2757 696 2808 iu
746 2765 840 2831 quibus
851 2762 959 2824 iisdem,
972 2760 1016 2813 sed
1030 2759 1194 2814 diversorem
1206 2778 1256 2812 au·

190 2840 280 2894 Nonas
291 2840 418 2893 nundine
430 2840 562 2892 caderent.
746 2860 859 2904 norum,
880 2858 920 2890 res
938 2837 1068 2891 mirabiles
1085 2833 1252 2897 accidisseut;

223 2920 262 2969 55·
277 2915 319 2968 De
331 2919 465 2977 Kalendis
479 2918 567 2968 Mdv
580 2923 607 2966 ²¹
618 2913 699 2966 Nvm's
746 2917 1010 2972 AElianusVar.Hist.
1021 2915 1063 2980 ll,
1078 2918 1117 2968 25.
1124 2912 1254 2969 Romanis

188 2994 240 3048 vid.
251 2993 407 3048 Plutarchus
424 2994 524 3062 Quoest
540 2996 619 3046 nom.
634 3000 698 3044 tom·
746 3009 834 3051 autem
846 3007 979 3063 postsarra
991 2994 1032 3049 die
1042 2992 1252 3065 postriduosacta

190 3073 261 3138 Vll,
274 3090 330 3142 pag.
343 3091 393 3145 90,
406 3072 468 3126 edit.
479 3072 564 3126 Reistx.
575 3071 697 3123 Mensem
745 3074 777 3127 ad
791 3072 901 3139 Alliam,
915 3069 1131 3136 edCoememm,
1150 3071 1252 3124 multis-

189 3152 310 3206 luuarem
317 3153 446 3221 peperisse
454 3151 520 3203 banc
527 3148 697 3213 divisionem,
746 3172 798 3224 que
808 3151 864 3205 aliis
874 3151 936 3205 locis
948 3170 1034 3222 pugna
1045 3150 1111 3202 male
1123 3161 1234 3204 cesserat
1244 3171 1251 3210 ;

190 3228 266 3283 docet
277 3229 372 3295 ldeter,
384 3250 409 3298 p.
421 3229 477 3281 350.
491 3228 529 3279 Ut
537 3229 698 3277 ldesomnes
746 3230 845 3285 Gellius
857 3231 933 3286 Noct.
945 3230 1000 3284 Au.
1014 3231 1048 3296 V,
1065 3250 1108 3297 17,
1118 3249 1149 3281 ex
1156 3229 1252 3280 Verrio

189 3306 270 3373 Jovt,
290 3309 326 3360 ite
345 3327 437 3361 omnes
457 3309 577 3359 Kalend!
595 3303 698 3357 «lunoni
747 3311 847 3364 Flacco.
860 3339 893 3351 -
905 3313 1074 3365 Burmannus
1092 3307 1134 3360 hic
1152 3316 1179 3358 et
1199 3306 1253 3357 aliis

190 3383 294 3437 tribute.
309 3405 316 3445 ;
334 3385 501 3450 Macrobius,
522 3383 552 3448 l,
570 3387 606 3437 15.
624 3382 697 3436 Olim
746 3386 901 3456 quibusdam
916 3388 977 3441 loris
988 3383 1156 3449 damnafim·
1168 3398 1215 3448 pro
1228 3385 1252 3434 d.

190 3464 263 3517 euim
281 3464 313 3515 ab
326 3473 417 3517 exortu
435 3463 503 3515 tune
521 3461 625 3512 initium
642 3472 698 3515 erat
739 3466 829 3533 facere
849 3469 936 3521 notari
953 3467 1025 3527 vutt;
1045 3464 1142 3515 bonam
1163 3467 1254 3513 tamen

190 3539 339 3602 meusium
352 3541 455 3593 Lunam
468 3550 555 3593 autern
568 3549 594 3592 et
605 3540 699 3592 Juuo-
745 3563 799 3596 esse
813 3544 991 3607 locutionem,
1010 3534 1255 3604 utfhrtnnamscrre.

191 3636 255 3671 uem
275 3616 396 3670 eamdem
419 3617 552 3687 putabant.
573 3616 700 3670 Kalendis
748 3619 880 3690 Compara
897 3622 976 3673 etiam
994 3617 1154 3668 calamitates
1163 3611 1252 3678 serre,

191 3697 271 3768 igitur
280 3696 403 3749 omnibus
414 3693 534 3749 Pontifex
545 3694 648 3762 minor,
661 3704 700 3746 at·
746 3697 816 3766 quod
829 3707 855 3749 et
868 3694 985 3755 allicere,
1004 3701 1031 3743 et
1042 3686 1109 3741 affici
1120 3687 1253 3742 calamita-

191 3794 242 3842 que
255 3772 357 3842 Regino
368 3789 501 3824 sacrorum
515 3791 571 3823 rem
582 3771 698 3824 divinam
747 3775 816 3827 tibus
832 3771 967 3840 siguificat.
984 3769 1031 3823 ltla
1051 3776 1138 3820 autem
1154 3767 1252 3821 damna

192 3849 294 3905 Juuoni
312 3850 448 3904 faciebant.
466 3876 499 3890 -
519 3851 571 3903 Pro
590 3854 700 3903 lunonis
747 3850 831 3902 verbis
841 3869 873 3900 re
874 3848 1043 3914 lallarecaoe
1051 3846 1130 3899 vitare
1141 3847 1255 3915 jubet.-

193 3929 317 3986 Heiusius
325 3929 438 3983 malebat
445 3929 699 3983 lunonis-Kalen·
747 3926 875 3993 Excerpta
884 3923 981 3981 Vossii,
993 3932 1090 3991 septem
1099 3923 1156 3976 rod.
1164 3931 1190 3974 et
1197 3919 1254 3973 edi-

193 4007 256 4070 des,
275 4008 401 4062 Romanis
416 4009 547 4079 proprias,
562 4007 626 4060 dixit
638 4007 699 4058 Au·
746 4001 784 4054 tio
799 3999 909 4072 Grypbii
923 4018 1011 4052 averso
1025 4002 1109 4054 Marte
1121 3998 1253 4053 exhibent.

192 4088 293 4150 sarias,
313 4096 342 4139 ut
354 4105 417 4140 vers
433 4108 441 4141 ι
455 4125 463 4154 ,
477 4103 578 4140 aunum
591 4085 699 4136 Μίνωι.
748 4078 851 4146 Nempe
873 4080 976 4130 ademi
994 4077 1038 4132 Dii
1061 4086 1123 4133 suut
1144 4074 1251 4140 insessi,
