2692 4672
162 93 222 162 190

433 69 473 134 P.
504 68 682 137 OVIDlI
703 69 929 138 nasonis

203 210 387 309 Armaque,
405 227 438 281 et
455 207 497 280 ad
515 225 623 281 certos
637 208 737 282 verba
754 206 899 283 cauenda
914 208 1046 285 modos.

154 330 242 404 Tum
259 328 306 402 sic
323 326 532 402 Mamurius:
551 328 679 401 Merces
695 325 778 400 mibi
797 325 901 423 gloria
918 326 1034 417 detur,

203 441 412 542 Nollllllaqlle
429 457 574 513 ssll‘emo
593 439 734 513 Carmine
751 458 867 514 llsssll'a
881 459 1011 514 Sonelli.

1096 546 1101 563 Ι
1177 465 1233 535 ³9⁰

154 554 237 629 Inde
252 554 437 628 sacerdotes
452 553 545 654 operi
560 552 724 654 promissa
739 570 873 627 vetusto

203 667 340 742 Praemia
357 666 569 778 persolvupt,
587 666 856 768 Mamuriumque
873 685 1000 741 vocant.

154 782 288 857 Nubere
307 782 335 854 si
354 811 420 882 qua
435 780 546 868 voles,
567 780 715 880 quamvis
730 781 954 881 properabitis
969 783 1090 872 ambo,

201 898 311 975 Differ
324 931 331 972 :
346 900 473 974 babent
486 926 594 997 parvae
611 899 785 973 commoda
801 928 918 995 magna
935 929 1045 974 mora.

154 1020 255 1093 Arma
270 1035 404 1092 movent
418 1045 564 1118 pugnam
580 1046 587 1088 :
604 1045 716 1117 pugna
732 1034 782 1089 est
796 1016 903 1091 aliena
920 1018 1049 1092 maritis
1063 1046 1072 1105 ;
1175 1038 1226 1108 395

202 1132 347 1207 Condita
364 1159 468 1232 quum
484 1128 628 1217 luerint,
646 1130 756 1230 aptius
774 1159 870 1203 omen
888 1131 960 1204 erit.
1049 1135 1052 1140 ’

153 1252 218 1326 His
235 1250 332 1324 etiam
350 1250 469 1348 conjux
486 1248 606 1348 apicati
623 1248 730 1321 cincta
745 1247 851 1321 Dialis

202 1365 350 1440 Lucibus
368 1365 513 1464 imperas
531 1363 629 1438 debet
644 1363 767 1437 babere
784 1393 905 1438 comas.

152 1484 289 1556 TERTIA
306 1509 373 1552 nox
391 1509 514 1553 emersa
529 1508 607 1553 suos
623 1479 682 1552 ubi
697 1481 837 1555 moverit
854 1482 966 1576 ignes3

204 1595 370 1670 Conditus
386 1625 404 1669 e
423 1596 562 1690 geminis
578 1595 732 1670 Piscibus
748 1595 831 1670 alter
849 1597 921 1670 erit.

1171 1619 1220 1687 400

152 1716 238 1787 Nam
254 1710 320 1784 duo
340 1728 417 1785 sunt
433 1740 441 1783 :
457 1712 577 1785 austris
593 1711 647 1783 hic
663 1729 732 1798 est,
750 1710 966 1812 aquilonibus
982 1709 1038 1784 ille

200 1827 375 1903 Proximus
392 1858 400 1900 ε
417 1857 436 1900 a
450 1845 546 1901 vento
565 1856 686 1900 nomen
702 1844 841 1927 uterque
856 1843 955 1899 tenet.

152 1942 271 2042 Qttttlt
288 1944 412 2018 croceis
428 1972 538 2017 rorare
555 1943 648 2038 genis
664 1943 822 2015 Tithonia
840 1942 961 2039 conjux

151 2115 319 2181 aiem-Ad
330 2115 398 2168 sibiae
411 2117 498 2167 modos
510 2116 600 2167 citatos
611 2135 659 2166 ar-

151 2196 216 2248 mati
227 2192 363 2257 saltabant,
376 2190 456 2242 modo
465 2209 558 2242 omnes
569 2190 657 2254 simul,

152 2272 233 2325 modo
244 2290 292 2341 per
305 2270 389 2336 vices,
400 2281 478 2339 atque
489 2274 603 2322 carmina
610 2290 658 2322 ca·-

149 2350 257 2402 nebant.
266 2348 389 2402 instructi
397 2357 473 2400 eraut
481 2346 559 2400 aeneis
570 2357 596 2398 et
603 2346 659 2398 bal-

150 2427 199 2480 teis
210 2437 236 2479 et
248 2426 325 2495 galeis
337 2436 364 2478 et
374 2424 536 2498 tegumentis
548 2425 574 2475 in
590 2442 657 2491 pee—

150 2517 219 2569 tore,
228 2514 305 2573 atque
314 2502 578 2572 pugionibus,quibus
588 2500 659 2553 iden·

147 2580 233 2634 tidem
255 2578 347 2631 ancilia
363 2578 503 2645 pulsarent.
513 2605 547 2617 -
560 2577 660 2629 Praeter

150 2656 424 2713 Mamurrrmseriuset
432 2654 542 2708 aliorum
551 2657 658 2708 nomina

149 2739 261 2796 carmini
273 2735 365 2791 Saliari
376 2736 476 2788 ineerta
492 2754 563 2800 esse,
583 2736 659 2790 docet

150 2815 273 2887 Neapolis
285 2812 317 2866 ad
329 2811 401 2865 huuc
411 2810 658 2879 locum-sonere·

151 2900 177 2952 x
189 2897 300 2950 Metam.
312 2894 359 2943 205
372 2908 378 2942 :
391 2910 404 2935 u
418 2887 457 2941 Te
468 2889 539 2961 lyra,
557 2900 582 2942 te
596 2910 658 2941 car-

151 2997 166 3022 »
176 2976 248 3028 mina
258 2984 347 3026 nostra
360 2969 499 3023 sonabunt.
513 2992 526 3016 »ι

184 3056 240 3127 393.
253 3052 356 3106 Eodem
365 3061 484 3118 tempore
496 3060 523 3102 et
531 3048 659 3102 iterface-

150 3153 180 3186 re
193 3133 342 3201 religiosum
352 3140 416 3183 erat.
426 3128 493 3181 Vide
504 3128 619 3196 Lipsium
631 3129 657 3179 in

152 3210 243 3277 Antiq.
254 3208 325 3261 lece.
333 3210 375 3270 V,
392 3208 427 3259 rb.
435 3234 469 3246 --
477 3207 559 3259 Condi
568 3205 658 3258 ancilia

64 3324 66 3328 ,
148 3284 319 3348 dicebantur,
331 3283 375 3334 ubi
393 3280 491 3350 templo
506 3281 658 3334 reddeban-

150 3375 202 3416 tur.
211 3388 243 3402 -
251 3359 360 3412 Flamen
370 3362 457 3412 Daulis
464 3359 533 3412 solus
542 3359 599 3412 albo
611 3379 657 3426 ga·

149 3444 206 3496 lero
223 3449 268 3492 aut
280 3443 354 3506 apr'ce
368 3437 504 3504 insignitus
519 3449 589 3500 erat,
603 3457 658 3489 ne-

150 3538 201 3588 que
209 3518 265 3570 sine
272 3532 305 3567 eo
314 3513 404 3566 licebat
413 3512 436 3563 ei
444 3513 492 3565 sub
500 3512 544 3564 dio
554 3514 658 3566 versari.

151 3626 183 3636 -
192 3593 292 3662 Conjua
303 3590 360 3658 ejus
372 3587 513 3640 Flaminica
528 3601 658 3641 venenato

150 3668 332 3743 opertaetriea
338 3663 458 3720 redimita
466 3657 658 3731 proditarum

151 3762 239 3815 autem
251 3754 398 3801 serenarum
411 3739 517 3810 pallium
534 3738 657 3792 flammeo

145 3824 251 3892 colore,
263 3833 289 3876 et
298 3827 353 3875 rica
363 3816 490 3887 peculiare
502 3816 590 3885 capitis
600 3816 657 3869 cin-

708 2114 807 2182 gulum.
819 2112 887 2165 Vide
900 2112 1016 2167 Gellium
1029 2114 1106 2168 Noct
1117 2115 1174 2167 An·
1183 2116 1219 2180 Χ,

710 2193 1221 2261 15,ibiquelntt.-llincetnuuccrirc-

706 2280 734 2322 la
750 2283 876 2339 vocatur,
896 2271 966 2340 qnod
987 2270 1111 2324 Heinsius
1128 2281 1222 2322 tuetur

706 2350 791 2402 verbis
800 2351 870 2404 Festi
879 2351 1004 2404 :acinus
1012 2348 1153 2402 Flaminica
1162 2368 1221 2402 ves·

708 2448 721 2470 „
732 2437 758 2479 te
771 2428 860 2481 velata.
874 2451 887 2474 u
897 2430 965 2481 Nam
976 2427 1016 2481 alii
1028 2435 1131 2486 sancta,
1144 2429 1222 2491 capi-

707 2492 1229 2558 tudesreactaauedococtaesehabeud-
1295 2528 1318 2537 -·

707 2583 768 2633 ,lam
783 2583 926 2636 Flaminica
936 2584 1025 2635 multis
1036 2582 1136 2652 legibus
1148 2591 1223 2634 teue-

707 2659 797 2724 bator,
811 2659 844 2712 de
860 2662 953 2731 quibus
965 2661 1067 2716 Gellius
1078 2661 1150 2716 dieto
1162 2661 1220 2715 loco

707 2749 734 2791 et
748 2736 913 2794 Scbwarsins
927 2736 960 2797 ad
975 2739 1113 2808 Plinium,
1127 2756 1218 2812 paneg.

706 2812 869 2883 Lxxxttl,
888 2818 911 2870 5.
923 2817 955 2870 lu
966 2815 997 2870 iis
1009 2830 1082 2885 erat,
1095 2836 1132 2871 ue
1144 2817 1220 2871 certis

706 2890 868 2958 temporibus
879 2902 956 2963 caput
966 2906 1101 2962 comeret,
1118 2912 1220 2966 ungues

706 2978 835 3020 resecaret
847 2981 896 3024 etc.
908 2970 1012 3025 Confer
1024 2973 1081 3037 lv,
1097 2974 1154 3025 ηαδ.

748 3045 876 3117 ³9s·l⁰²·
891 3053 977 3103 Priscr's
990 3056 1094 3103 alren'us
1112 3070 1221 3106 orcam

706 3129 861 3189 vespertinus
874 3127 916 3181 die
933 3131 949 3182 3
962 3129 1040 3180 Mart.
1052 3127 1106 3178 sive
1123 3127 1151 3176 V
1164 3130 1222 3183 No-

705 3222 758 3254 nas.
779 3203 880 3259 Sideris
901 3208 994 3274 hujus,
1015 3223 1145 3274 magnum
1165 3210 1221 3264 caeli

706 3279 819 3345 spatium
832 3285 997 3353 occupantis,
1014 3283 1148 3352 originem
1167 3289 1220 3341 ba·

707 3358 766 3424 bes,
780 3360 824 3427 ll,
842 3365 891 3428 458
904 3380 959 3428 sqq.
974 3360 1048 3412 Alter
1064 3364 1146 3420 Piscis
1163 3369 1220 3421 No·

706 3434 757 3487 tius
768 3448 892 3501 vocatur,
909 3436 974 3489 alter
984 3436 1088 3491 Boreus
1099 3463 1106 3502 ;
1128 3442 1218 3514 Hygi-

706 3531 771 3578 nus,
786 3515 854 3567 Aslr.
872 3515 944 3567 Poel.
960 3515 1115 3585 lll,xx1x‚
1133 3525 1172 3588 40.
1184 3546 1217 3560 -··

707 3593 733 3641 A
748 3602 827 3642 vento.
841 3591 919 3642 Unus
939 3592 1044 3646 lieinsii
1059 3606 1085 3647 et
1106 3609 1159 3650 tres
1176 3597 1216 3650 alii

706 3685 766 3718 cnm
779 3665 839 3718 edit
857 3667 975 3736 principe
987 3681 1015 3724 et
1031 3672 1085 3724 aliis
1097 3694 1115 3726 a
1127 3679 1214 3727 sentis.

707 3741 771 3811 Reg.
784 3753 810 3795 et
823 3743 911 3796 Pelas.
923 3757 1058 3816 urtumque.
1075 3750 1214 3802 Burman·

705 3836 755 3871 nus
766 3821 871 3888 conjicit
879 3841 897 3874 a
907 3836 981 3879 anuto
989 3846 1076 3881 nomeu
1089 3838 1197 3895 uimque.
