2700 5100
139 683 206 778 472
266 692 269 697 ·
523 685 802 769 excursos

140 825 228 900 enim
242 823 309 898 sere
327 822 442 899 iisdem
458 824 567 905 serbis
579 855 616 900 ac
630 826 791 915 Ovidius,
809 851 881 926 qna
896 824 1026 920 integra
1040 823 1080 897 in
1096 822 1204 926 lapide

141 964 341 1050 supersunt:
523 990 525 995 ·
721 1013 723 1018 .

61 1074 64 1079 ’
188 1070 276 1144 Ludi
294 1072 342 1143 M.
362 1071 404 1143 Ι).
423 1072 473 1145 M.
491 1072 518 1145 1.
536 1068 737 1166 Megalensia
758 1087 938 1157 vocantur,
964 1069 1062 1171 qnod
1080 1098 1122 1144 ea
1137 1072 1204 1144 Dea

141 1192 261 1268 Mieale
283 1191 475 1294 appellatur.
506 1193 679 1271 Nobilium
693 1194 895 1268 mutilationes
916 1219 1073 1266 cananea
1102 1192 1202 1268 solita

141 1333 220 1390 sunt
234 1316 422 1416 frequenter
437 1315 529 1404 lieri,
548 1317 636 1419 quod
651 1319 761 1390 Mater
774 1319 898 1411 Magna
914 1343 953 1389 ex
971 1313 1072 1388 libris
1094 1313 1200 1415 Sibyl·

140 1436 219 1512 linis
236 1439 387 1514 arcessita
402 1438 511 1514 locum
524 1440 649 1514 mutavit
659 1470 699 1514 ex
714 1439 856 1542 Phrygia
871 1441 1025 1513 Romam.
1047 1481 1088 1495 ·-
1105 1439 1200 1535 Quod

141 1561 169 1635 si
187 1578 342 1663 preterea
359 1561 559 1650 observaris,
575 1580 614 1646 ut
628 1562 695 1635 sere
710 1563 744 1635 in
762 1561 919 1636 omnibus
930 1559 1201 1662 explicationibus

144 1684 287 1759 Ovidius
310 1714 384 1761 eum
404 1686 580 1760 Fastorum
605 1685 940 1760 commentationibus
957 1685 1152 1771 conveniat,
1173 1701 1202 1757 et

141 1835 209 1881 non
226 1837 301 1882 raro
319 1809 361 1882 ab
379 1807 419 1881 iis
434 1807 595 1910 pendeat,
615 1806 669 1880 vix
689 1809 728 1882 de
744 1809 879 1882 veritate
904 1807 1083 1896 lectionis,
1110 1835 1203 1907 quam

141 1930 324 2027 Fogginius
340 1930 405 2004 boe
423 1930 498 2005 loeo
515 1929 627 2018 allert,
641 1928 820 2041 dubitabis.
840 1930 956 2027 Quum
975 1930 1065 2002 enim
1085 1930 1202 2002 mutilo·

144 2055 239 2127 ubres
255 2072 288 2128 et
303 2054 442 2126 mutitare
457 2055 510 2126 vix
527 2082 545 2127 a
560 2071 696 2127 mutuus
715 2082 784 2128 esse
800 2054 928 2155 possit,
946 2053 1007 2128 sed
1018 2052 1132 2156 potius
1146 2052 1203 2124 sre-

146 2176 373 2277 quentatirum
390 2175 483 2249 verbi
496 2190 593 2262 muto,
611 2177 697 2251 ut0
715 2193 748 2250 et
762 2177 794 2247 V
807 2175 952 2258 indicare
968 2175 1139 2262 videntur,
1147 2204 1204 2275 pro

146 2298 292 2384 enutrito,
315 2299 406 2398 quod
419 2296 577 2372 Heinsius
592 2297 716 2387 voluit,
742 2298 862 2374 Monta
873 2296 1056 2394 legendum
1073 2325 1202 2382 censeo,

145 2438 185 2493 ut
198 2421 329 2495 consistis
338 2422 445 2494 mutilo
457 2421 543 2494 idem
556 2421 618 2511 sit,
637 2421 728 2523 quod
738 2420 939 2523 rnudtotiones
955 2446 1113 2495 canonem
1125 2418 1207 2521 apud

146 2546 323 2632 Verrium,
343 2563 375 2619 et
389 2546 603 2648 sequentibus
619 2545 769 2622 versibus
782 2546 924 2620 Ovidius
938 2545 1120 2620 obscuram
1129 2545 1207 2618 bane

145 2696 259 2742 vocem
278 2668 477 2743 illustratum
501 2689 562 2744 eat.
584 2673 672 2743 -E
695 2686 848 2743 contextu
873 2696 944 2742 eam
966 2668 1130 2743 excidisse
1156 2667 1206 2739 vix

148 2791 296 2881 mireris,
315 2820 416 2892 quum
432 2792 466 2864 in
487 2773 584 2866 Gellii
602 2792 686 2866 locis
701 2780 811 2867 eadem
827 2791 976 2866 lectionis
999 2792 1143 2866 varietas
1160 2790 1209 2866 sit

150 2914 289 2989 Verrius
304 2943 417 2989 omnes
434 2915 590 2989 vindicat:

197 3036 289 3110 Fost.
314 3036 388 3122 IV,
414 3035 494 3138 378.
522 3018 711 3111 Fortunam·
727 3035 899 3111 Publieam
922 3054 1086 3111 sacratam
1113 3038 1157 3110 ait
1177 3036 1208 3109 in

151 3156 234 3232 colle
252 3158 420 3256 Quirinali
436 3160 490 3232 bis
506 3157 679 3232 versibus:
906 3172 909 3177 ’

284 3329 341 3398 Qui
354 3329 438 3395 dicet,
454 3330 589 3399 quondam
599 3340 697 3384 sacrata
709 3342 749 3384 est
760 3330 825 3385 colle
840 3329 949 3398 Quirini

348 3432 406 3482 llac
417 3429 536 3483 Fortuna
549 3429 591 3484 die
605 3431 729 3496 Publica,
742 3450 819 3485 verus
831 3431 889 3483 erit.

154 3568 290 3643 Verrius
304 3567 346 3641 ad
361 3565 393 3639 d.
408 3565 428 3639 5
442 3565 549 3667 April.
564 3565 650 3640 Ludi
663 3568 817 3639 Fortunae
827 3562 970 3664 publicae
986 3562 1104 3637 eiterio
1117 3619 1161 3635 ...
1177 3563 1210 3632 in

156 3688 258 3778 eolle;
276 3718 416 3791 eumque
432 3688 590 3791 supplens
607 3689 790 3784 Fogginius
806 3686 870 3781 legi
890 3686 964 3759 vult
984 3686 1129 3767 atenbnss
1154 3683 1211 3757 sed

154 3813 196 3885 ad
207 3816 363 3885 Fortuna
375 3811 471 3886 Publ.
485 3813 608 3887 referri.
618 3815 796 3886 Fortunam
809 3808 993 3883 citeriorem
1005 3828 1112 3883 autem
1125 3836 1213 3881 eam-

156 3934 230 4007 dem
248 3963 318 4008 esse
333 3935 419 4022 vult,
438 3965 536 4035 qrram
553 3934 641 4009 Plut.
653 3937 778 4031 eraest
796 3962 879 4006 rom.
900 3932 961 4031 73,
979 3936 1092 4029 βρέόεμ
1105 3948 1212 4016 vocat,

155 4056 189 4129 id
208 4073 277 4143 est,
294 4057 388 4129 brevi
405 4059 641 4147 obventurum,
657 4057 750 4131 brevi
772 4058 1002 4144 neeessariam,
1021 4057 1123 4155 bujus
1139 4052 1213 4126 diei.

154 4179 219 4253 Sed
238 4178 399 4253 celeriorem
414 4182 595 4255 Fortunam
612 4179 764 4254 absolute
785 4179 834 4252 ita
852 4178 1002 4280 usurpari
1018 4196 1136 4279 posse,
1161 4203 1219 4249 ve-

153 4295 321 4371 hementer
332 4295 467 4371 omnino
480 4294 617 4384 dubito,
631 4313 665 4371 et
678 4326 779 4398 quum
789 4296 851 4369 alia
862 4296 1054 4399 explicatio,
1070 4325 1135 4397 qua
1144 4294 1215 4367 crte-

156 4420 229 4493 u'on'
241 4420 272 4493 in
288 4420 364 4496 colle
377 4421 577 4522 jungantur,
594 4438 715 4522 presto
726 4420 790 4510 sit3
809 4419 928 4496 dubito
941 4449 983 4494 an
998 4418 1220 4521 illaunquam
