2692 4672
414 310 923 380 1nov1o11rasros.
1128 311 1193 404 ⁴7¹

133 449 364 525 dedicatorum
385 447 604 522 anniversaria
622 446 758 522 Natales
779 448 890 522 vocari
906 445 1109 522 solentne
1125 445 1198 524 «lies

139 572 183 646 15
200 571 301 659 Maii,
314 570 375 644 ubi
389 569 548 673 templum
560 571 730 645 Mercurio
742 587 945 645 exstructum
958 597 1029 646 esse
1044 567 1198 658 tradunn

137 695 238 771 ovid.
255 696 298 783 V,
317 691 408 794 669;
430 693 471 767 cI
489 690 1198 792 Liv.ll,xx1‚27;iukaleud.N.Mer

136 818 220 893 curii
235 833 374 891 vocatur
388 833 422 890 et
438 813 600 890 Martialis
616 815 724 888 uenit:

320 969 401 1027 Mein
412 969 579 1025 Mercurium
590 969 695 1024 creastis
708 968 780 1024 Idus.

184 1104 279 1179 rm.
301 1103 393 1191 111,
421 1078 513 1203 849,
534 1101 574 1176 u
589 1099 799 1176 eunucu
822 1117 855 1174 et
869 1099 1007 1174 ventus
1030 1116 1065 1173 u
1084 1097 1199 1202 Lydo

136 1227 236 1329 (pag.
256 1225 327 1325 85)
343 1225 519 1302 Ieetionem
541 1224 760 1327 quorumdam
780 1223 877 1298 codd.
896 1241 930 1299 et
945 1223 1076 1301 IIeinsii
1092 1221 1200 1326 expli·

135 1350 295 1425 oetionun
312 1367 423 1451 aperte
439 1347 618 1423 vindicant
637 1346 778 1422 Plurimi
796 1346 845 1420 ibi
861 1345 997 1443 legunt:

264 1517 377 1573 Summa
389 1516 444 1571 dies
455 1537 471 1571 e
485 1518 602 1587 quinque
616 1515 690 1569 tubas
704 1515 814 1569 lustrare
828 1532 938 1570 unor-

317 1606 464 1675 Admonet‚
475 1617 504 1661 et
515 1606 578 1661 torri
589 1605 733 1664 sacrificare
747 1606 808 1658 Dee
815 1621 827 1671 ,·

137 1747 228 1851 quod
241 1746 285 1822 ad
300 1725 484 1823 Minervarir
500 1747 694 1823 referebant
714 1745 821 1822 Alior.
838 1745 1014 1822 lectionem
1037 1744 1111 1821 Deo
1131 1744 1199 1845 jam

137 1871 251 1947 Heius.
270 1871 312 1946 ad
327 1872 469 1947 Martem
485 1871 599 1946 referri
616 1869 731 1944 voluit.
756 1869 930 1946 Accedunt
944 1897 1034 1944 nunc
1050 1868 1118 1943 duo
1132 1886 1198 1946 tes·

137 1994 291 2082 timonia;
309 1993 447 2070 Verrius
465 2024 473 2067 :
490 1993 598 2067 Fen'oe
622 1992 744 2077 Mant-
772 1992 887 2093 Lydus
914 2021 923 2066 :
950 2000 1098 2092 καθαρμὸς
1122 1998 1198 2065 eatt-

138 2151 237 2216 πιγγος
250 2175 261 2208 ,
273 2124 352 2216 τιμαὶ
366 2105 466 2220 Ᾰρέως
476 2125 523 2191 καὶ
534 2116 772 2217 Neptune-De
789 2115 864 2191 Ioco
878 2115 1078 2194 Tubilustrii
1091 2117 1199 2193 Varro

137 2243 358 2320 consumatur.

184 2365 360 2457 Fosth,
372 2365 453 2460 354.
468 2366 569 2466 (add.
588 2366 722 2468 IApr.)
733 2364 861 2442 IIciusii
870 2364 932 2439 viti
944 2365 1053 2462 magui
1063 2392 1199 2441 acumen

136 2491 172 2563 in
189 2518 225 2565 re
243 2491 384 2586 graviori
404 2491 612 2590 dijudicanda
631 2492 727 2566 novis
749 2490 981 2567 accedentibus
1001 2490 1199 2572 testimoniis

135 2599 319 2688 vindicbtur
332 2642 346 2703 3
359 2642 474 2689 versus
490 2614 578 2689 eninr
596 2611 756 2687 353-356
776 2641 880 2715 quum
898 2613 945 2690 ita
970 2611 1180 2710 legerentur:

268 2779 328 2835 Cur·
338 2779 436 2834 vicibus
447 2779 520 2834 sactis
533 2781 624 2835 ineant
634 2781 769 2849 convivia,
789 2799 878 2851 quero

319 2869 391 2923 Turn
403 2869 501 2940 magis,
520 2868 630 2926 indictas
640 2871 875 2941 concelebrentque
887 2870 974 2942 dapes.

270 2955 353 3025 Quod
366 2956 435 3009 bene
447 2959 551 3009 natant
559 2954 649 3010 sedem
661 2957 850 3031 berecynthia,
863 2955 945 3025 dixin

319 3046 435 3118 Captaut
446 3053 550 3101 πιέσω
558 3046 663 3102 sedibus
673 3067 753 3103 omen
765 3047 853 3111 idem

139 3171 372 3248 IIeinsiusnon
380 3173 524 3262 babens,
535 3173 576 3248 ad
588 3172 680 3275 quod
692 3172 871 3248 reserretra
882 3172 1021 3256 mrum,
1042 3188 1103 3245 cte
1119 3168 1197 3245 Gel-

138 3294 185 3370 Iio
200 3297 253 3382 11,
273 3295 336 3386 243
353 3313 387 3369 et
402 3299 537 3387 XVIII,
552 3324 589 3385 2,
605 3297 676 3372 bac
690 3294 1012 3372 convivianobilium
1027 3291 1198 3388 Megalen·

139 3420 232 3494 sibus
249 3417 338 3493 Indis
354 3417 517 3495 celebrata
531 3421 690 3524 peculiari
707 3438 740 3495 et
757 3417 898 3493 solemni
915 3417 1049 3492 nomine
1072 3417 1198 3492 mute'to-

137 3543 230 3615 tiones
248 3539 358 3617 vocari
373 3538 507 3629 videns,
524 3543 609 3618 banc
626 3569 740 3617 vocem
757 3541 996 3629 obscuriorem,
1013 3539 1071 3615 sed
1087 3541 1123 3614 in
1136 3540 1197 3616 bac

136 3694 172 3740 re
178 3663 358 3738 solemnem
364 3691 456 3740 more
468 3694 530 3740 suo
543 3665 608 3739 boc
617 3664 692 3739 Ioco
703 3665 864 3741 Ovidium
877 3691 1039 3764 exponere
1053 3663 1196 3749 censuit,

100 3814 104 3827 ’
137 3803 171 3862 et
189 3814 352 3887 reponens
368 3815 431 3888 pro
444 3803 508 3863 tum
524 3789 620 3890 moge's
635 3815 747 3861 vocem
764 3785 892 3861 metuito
912 3786 955 3860 ad
977 3786 1061 3863 banc
1083 3783 1196 3859 referri

138 3908 245 3984 voluit
260 3916 298 3983 τὸ
313 3910 443 3984 mmon‘t.
467 3951 507 3968 -
521 3910 607 3986 Vere
623 3936 698 3984 eum
715 3908 906 4008 conjecisse,
929 3903 1136 3982 verisimilius
1158 3903 1197 3980 fit

141 4064 230 4110 novo
253 4037 294 4111 de
315 4063 378 4110 usn
396 4035 496 4135 hujus
517 4035 608 4112 vocis
628 4034 803 4115 accedente
827 4029 1026 4109 testimonio.
1059 4027 1196 4104 Verrius
