2700 5100
225 740 283 804 162
373 804 376 809 ,
488 740 532 807 P.
562 738 749 807 ovum
779 734 1008 813 NASONIS

266 878 527 980 Contigeratque
540 906 627 953 nora
644 877 751 953 sidera
763 905 889 953 summa
904 908 1008 954 coma.

216 999 302 1070 Ecce
317 1023 409 1070 meus
427 994 548 1071 serrum
567 1012 707 1098 patruus
722 993 861 1070 molitur
877 995 912 1068 in
927 994 1025 1084 illas3
1087 1046 1090 1051 -
1242 1018 1340 1076 ιε

264 1114 406 1186 Terreor
422 1110 613 1201 admonitu,
630 1139 754 1213 corque
772 1111 889 1184 timore
903 1110 1011 1185 micat.

215 1227 356 1311 Martia,
375 1227 492 1329 picus,
511 1225 579 1299 aris
595 1224 726 1321 ςειιιίιιο
743 1253 807 1326 pro
824 1224 938 1325 stipite
952 1241 1124 1325 pugnant,

263 1346 309 1416 Et
325 1342 426 1444 lupa:
443 1359 514 1415 tuta
529 1369 590 1443 per
606 1340 671 1415 hos
686 1358 828 1441 utraque
844 1338 953 1442 palma
966 1340 1041 1415 suit.

216 1458 373 1533 Dixerat:
390 1473 422 1530 et
437 1455 570 1557 plenam
587 1484 656 1530 non
674 1455 778 1531 firmis
793 1456 920 1531 viribus
937 1484 1053 1531 urnam

264 1571 428 1647 Sustulit:
447 1571 617 1673 implerat,
634 1571 714 1646 dum
729 1601 789 1647 sua
805 1574 874 1647 risa
890 1570 1002 1647 refert.

198 1690 342 1764 'Interea
359 1707 523 1764 crescente
539 1691 662 1775 Remo,
681 1705 846 1762 crescente
865 1689 1031 1784 Quirino,

264 1805 392 1880 Caelesti
411 1804 559 1879 tumidus
574 1804 721 1906 pondere
738 1821 853 1878 venter
868 1823 947 1878 erat

215 1923 295 2018 Quo
313 1921 424 1995 minus
442 1921 586 1997 emeritis
603 1922 706 1995 exiret
722 1921 876 1995 cursibus
892 1949 1020 2010 annus,

262 2038 447 2110 Restabant
462 2037 573 2110 nitido
586 2038 653 2135 jam
670 2036 737 2109 duo
754 2036 848 2131 signa
864 2037 949 2110 Deo.

214 2150 315 2224 Silvia
331 2152 369 2224 lit
384 2170 488 2226 mater
502 2181 509 2225 :
521 2154 634 2226 ,Vestae
650 2150 822 2225 simulacra
839 2150 991 2225 seruntur

262 2266 435 2360 Virgineas
453 2266 558 2341 oculis
575 2267 776 2368 opposuisse
792 2293 920 2338 manus.

214 2384 280 2455 Ara
295 2384 375 2455 Deae
393 2400 479 2456 certe
496 2383 651 2467 tremuit,
669 2382 815 2483 pariente
831 2380 1000 2468 urinistra3

262 2501 307 2571 Et
322 2498 427 2572 subiit
444 2499 569 2573 cineres
587 2497 701 2572 territa
717 2495 846 2569 flamma
864 2523 951 2569 suos.

216 2704 293 2757 Coeia
304 2722 381 2762 noea,
390 2703 504 2769 vertice,
517 2700 655 2756 frondibus
662 2720 722 2755 nro-
769 2700 828 2764 siit,
839 2718 891 2765 eo,
906 2699 978 2768 quod
989 2697 1048 2752 lieri
1065 2698 1196 2767 debebat,
1212 2714 1312 2772 pere·

214 2780 720 2846 donatis-Contentasennarum,
768 2776 854 2840 lecto,
868 2796 948 2847 ergo,
959 2777 1097 2831 absolutus.
1112 2777 1170 2843 Ν,
1181 2779 1240 2833 688,
1248 2798 1302 2817 ι·

214 2871 258 2913 aut
269 2856 376 2921 celum,
389 2855 500 2906 omuino
515 2865 651 2924 augustam
660 2855 721 2908 elti-
769 2859 874 2911 Mte'dres
884 2858 971 2917 Deus,
987 2855 1109 2910 Pboebus.
1117 2857 1211 2911 -Pro
1224 2857 1293 2912 517-

214 2938 334 2990 tudinem
343 2933 464 2988 declarat.
476 2933 555 3002 Apud
569 2932 720 3002 Virgilium,
770 2941 813 2991 μία
823 2935 922 2989 Mureti
931 2933 1065 2989 effrene.
1080 2936 1139 2987 Ilr'a.
1149 2962 1185 2975 ·-
1197 2938 1285 2988 ἴση

215 3015 312 3081 Georg.
325 3011 369 3076 ll,
387 3012 450 3077 4ap,
465 3006 601 3078 pomiferae
616 3008 722 3063 arbores
769 3018 913 3069 sahulem.
926 3013 1064 3083 Scripsisse
1074 3012 1128 3067 lenc
1139 3012 1221 3068 ovid.
1234 3015 1276 3066 vi-

213 3114 228 3138 «
241 3090 273 3144 ad
283 3089 368 3144 sidera
379 3087 475 3157 caplim
487 3086 619 3139 nituntur.
631 3106 645 3132 ν
770 3091 863 3158 detur,
874 3110 928 3160 quo
944 3101 1063 3160 tempore
1078 3086 1201 3145 nondum
1212 3090 1274 3145 ecie-

244 3167 723 3234 35.Moteear‚vibne,jactae;preeun-
768 3170 829 3238 bat,
842 3171 868 3222 in
880 3169 967 3223 Vester
985 3169 1083 3239 templo
1100 3168 1205 3223 nullum
1223 3190 1271 3225 eree

213 3261 237 3301 te
251 3247 370 3316 Virgilio,
383 3242 542 3315 Georg.1V,
555 3243 721 3308 321,«vali-
769 3248 953 3311 simulacrum
968 3247 1024 3315 Vl,
1046 3250 1095 3320 ²9⁵
1112 3266 1170 3319 sqq.
1186 3249 1272 3319 Neque

213 3348 227 3371 a
243 3323 304 3377 dam
313 3324 339 3374 in
349 3324 413 3374 vites
419 3322 512 3373 molire
519 3319 723 3388 bipennem-⁸·-
769 3337 826 3380 eret
836 3328 865 3378 iu
873 3325 975 3393 templis
987 3327 1090 3394 gruem
1101 3327 1215 3381 Paueau.
1226 3326 1275 3383 Co-

213 3402 301 3456 Etiam
309 3408 390 3468 pe'cus.
407 3411 436 3452 ut
450 3402 532 3464 lupus,
549 3398 631 3450 Marti
641 3418 721 3452 sacer.
768 3402 850 3457 rintb.
861 3421 916 3469 cap.
929 3401 969 3455 53.
981 3401 1063 3455 Extra
1080 3405 1212 3473 tenplum
1224 3422 1273 3467 ne

214 3480 282 3535 Plin.
296 3478 335 3542 Χ,
350 3495 381 3528 ao
395 3494 401 3527 :
414 3497 428 3521 α
442 3474 499 3528 Pici
511 3473 611 3527 Mettio
621 3495 721 3546 cogno-
769 3487 921 3533 temetatuee
929 3477 953 3530 ei
965 3478 1151 3548 ponebantur;
1161 3480 1274 3555 ridlip

214 3582 228 3607 »
239 3568 332 3612 mento
341 3553 660 3625 insignesetinauepicatu
668 3575 720 3608 ma·
768 3556 821 3611 eius
832 3554 865 3609 de
877 3557 973 3624 Vesta,
985 3575 1040 3626 cap.
1050 3561 1115 3611 3.-
1127 3560 1276 3627 Onerariae

213 3657 228 3682 n
241 3637 294 3706 gni.
307 3658 321 3682 n
329 3660 363 3674 -
373 3634 413 3686 Ut
423 3637 484 3699 lupa
495 3632 612 3685 Romulo
621 3643 648 3686 et
661 3635 721 3687 Re·
769 3653 866 3689 ueras.
882 3636 958 3691 Idem
974 3637 1134 3707 figmentum
1145 3640 1204 3707 Vl,
1220 3640 1276 3711 ert

214 3734 258 3766 mo
266 3714 383 3783 expositis
396 3730 525 3765 mammas
534 3712 676 3781 prebebat,
685 3714 721 3766 ita
769 3714 897 3770 Similiter
919 3716 1040 3770 Minerva
1061 3718 1151 3773 oculos
1166 3718 1275 3789 avertit,

210 3798 284 3858 pr'cus
291 3791 444 3861 frequenter
456 3793 495 3844 ori
508 3810 602 3845 eorum
614 3792 722 3847 bucoeas
769 3812 852 3863 quum
864 3795 891 3846 iu
904 3796 1002 3863 templo
1014 3796 1071 3863 ejue
1081 3796 1148 3864 Aiax
1156 3794 1277 3851 cm-

213 3869 350 3922 iueerebat
362 3869 432 3922 Vide
446 3889 511 3923 vers.
529 3874 578 3937 543
591 3870 722 3924 Plutarch.
769 3872 824 3925 drae
839 3873 892 3926 rim
911 3872 1037 3937 inferrem
1052 3877 1157 3945 Fragm.
1174 3872 1279 3931 cattia».

214 3945 293 3999 Rom.
306 3947 356 4008 lv,
368 3945 468 4012 Quest.
477 3948 555 3999 Rom.
564 3968 588 4016 p.
597 3950 723 4020 tuqui·
768 3970 794 4021 p.
807 3954 925 4024 4rp-1'
920 3972 1053 4006 renotare
1063 3964 1108 4006 aut
1116 3953 1278 4009 aliarum*

208 4029 277 4091 pate,
290 4024 398 4091 arbore,
411 4025 504 4093 palma.
768 4048 829 4083 turn
847 4050 978 4085 sacrarum
996 4033 1101 4101 signum
1116 4033 1277 4102 praeeunte,

244 4105 285 4169 4¹·
298 4102 442 4155 Romulum
453 4104 480 4155 in
497 4115 574 4157 utero
584 4101 638 4170 jam
653 4106 721 4169 Qer‘·
768 4117 795 4160 et
807 4110 846 4160 eel
856 4109 962 4172 imre!
972 4110 1164 4166 benevolentia
1175 4110 1279 4167 divin.

210 4187 290 4235 uirum
301 4182 642 4248 vocat-Repetitionem,
655 4201 721 4250 que·
770 4181 831 4237 Vid.
841 4182 873 4236 ad
884 4185 923 4241 ΙΧ
939 4184 1048 4238 Metam.
1060 4189 1280 4255 781.-aSede‘r‘tce'·

209 4259 239 4315 lis
251 4259 329 4313 estin
340 4276 396 4311 voc.
408 4270 540 4315 crescente.
555 4269 625 4311 amat
638 4261 719 4313 etiarn
767 4280 853 4321 ireres,
873 4262 989 4331 adeoque
1006 4265 1073 4317 bene
1088 4266 1217 4320 exstincla
1232 4276 1281 4322 est.

210 4335 310 4399 Livius,
321 4337 373 4400 sic,
385 4334 428 4399 ll,
442 4340 470 4399 5,
485 4356 499 4381 ιι
508 4346 614 4388 vetuere
626 4335 717 4403 reddi,
768 4338 915 4394 Exstinctus
927 4341 968 4393 ille
977 4341 1043 4410 ignis
1054 4344 1112 4412 plus
1123 4345 1180 4399 aliis
1192 4345 1279 4414 prodi·

209 4428 341 4469 »vetuere
359 4415 387 4467 in
401 4414 533 4483 publicum
548 4415 648 4484 redigi,
665 4437 678 4461 n
691 4427 718 4469 et
767 4417 814 4486 giis
830 4419 944 4471 terrebat
957 4421 1059 4476 animos
1072 4423 1280 4495 Romanorum,

205 4494 494 4557 centies-Mes,
509 4491 555 4562 qui
564 4493 665 4546 mereri
674 4493 718 4547 de·
766 4493 959 4562 ttexxvlss,
977 4510 1280 4570 rr;eratque,ruoueu-
