2692 4672
409 399 463 466 ru
487 400 672 467 ovrun
696 397 919 466 rasros.
1061 346 1065 353 ¹
1130 401 1194 485 sss

132 543 223 620 Plin.
234 542 350 619 XVIII
360 597 370 629 ,
382 539 428 613 25
438 568 517 642 sqq,
535 538 738 638 Quinctilius
750 539 838 642 apud
850 540 955 640 Geop.
968 540 1002 627 I,
1017 557 1070 629 tx,
1086 570 1121 642 p.
1136 541 1197 643 39,

134 677 286 746 exstant,
304 658 446 732 conflata
462 676 556 743 sunt,
576 657 751 757 omniaque
773 673 934 758 praecepta
954 654 1053 730 Plinii
1069 715 1079 745 ,
1095 657 1200 732 Colu-

134 774 241 851 mella
257 772 476 875 virgiliique,
501 774 530 846 si
555 790 684 874 tempus
707 771 920 846 indicandum
941 789 1009 860 est,
1032 800 1102 846 nou
1122 774 1208 849 euni·

134 919 286 978 menses,
304 890 361 966 sed
380 891 522 965 sidemm
541 917 676 963 occasus
692 906 724 962 et
740 907 834 963 ortus
847 905 1006 988 spectant.
1024 889 1076 963 De
1093 889 1201 989 ipsius

136 1014 248 1083 autein
269 1005 338 1081 eceli
361 1005 589 1079 observatione
607 1024 685 1079 tunc
702 1034 771 1080 non
790 1006 1000 1101 cogitabatur
1011 1005 1045 1078 iu
1057 1007 1199 1095 rustico,

137 1140 170 1196 et
188 1120 275 1195 Plin.
293 1122 411 1194 XVIII
427 1148 453 1196 s.
472 1117 536 1206 (io,
556 1117 621 1206 65,
640 1118 703 1220 67,
720 1119 879 1193 rirdocr‘lem
895 1120 966 1193 cati
978 1119 1141 1219 agricolus
1158 1119 1199 1192 ad

135 1234 217 1309 lolia
232 1235 368 1310 decidua
382 1253 547 1335 tamquam
564 1232 734 1308 Pleiadum
749 1234 966 1308 occidentium
982 1233 1132 1328 signum,
1153 1232 1199 1305 ci-

137 1347 282 1424 cindelas
292 1367 401 1424 autem
412 1347 577 1439 lucentes,
593 1348 700 1424 sidera
708 1348 765 1423 illa
776 1349 957 1436 terrestria,
970 1366 1008 1423 ut
1023 1345 1199 1423 celestium

137 1466 414 1568 contemplatione
422 1484 565 1555 careant,
576 1484 742 1567 tamquam
754 1466 888 1541 solstitii
900 1464 1199 1567 appropinquantis

137 1583 270 1678 signum
286 1584 454 1657 attendere
465 1583 568 1683 jubet.
589 1581 767 1679 Virgilium
780 1584 968 1683 (Georgl,
981 1581 1049 1683 257
1059 1581 1199 1678 >etiam,

138 1699 197 1798 qui
214 1700 381 1802 precipit:

269 1880 326 1935 Nec
336 1880 432 1935 frustra
444 1882 580 1953 signorum
592 1884 677 1938 obitus
687 1884 852 1954 speculamur
863 1895 890 1938 et
902 1894 990 1950 ortus,

270 1970 496 2042 Temporibusque
510 1991 601 2043 parem
613 1974 720 2028 dirersis
733 1985 845 2044 quatuor
857 1992 958 2027 annum
971 1994 978 2038 3

137 2119 250 2219 potius
266 2119 330 2195 hoc
347 2121 413 2195 sibi
431 2121 531 2212 velle,
551 2140 588 2196 ut
603 2121 725 2196 horum
741 2123 902 2196 fastorum
919 2150 1020 2196 usum·
1035 2149 1202 2194 commen·

138 2233 209 2321 det,
234 2262 333 2332 qnam
350 2234 423 2334 ipsa
443 2236 551 2310 sidera
570 2235 742 2311 observare
757 2236 893 2334 jubeat,
917 2235 1046 2330 egregie
1063 2235 1103 2307 ad
1120 2235 1154 2307 b.
1175 2234 1198 2308 l.

98 2368 101 2385 ¹
136 2349 267 2421 notavit
282 2352 382 2423 Voss.
398 2351 491 2448 Quin
505 2382 546 2427 ex
561 2353 614 2427 bis
630 2351 712 2453 ipsis
728 2351 869 2442 tabulis,
888 2353 1012 2453 quibus
1026 2368 1199 2425 auctorum

137 2463 272 2535 nomina
283 2462 514 2563 probabiliter,
533 2467 583 2541 vel
596 2469 631 2541 in
644 2465 765 2554 titulis,
783 2467 834 2542 vel
847 2469 881 2540 in
895 2465 1034 2563 siugulis
1048 2464 1201 2539 observa·

138 2578 291 2652 tionibus
308 2578 472 2682 adscripta
488 2599 605 2670 erant,
627 2583 792 2657 astronomi
808 2582 860 2655 r'lls'
875 2582 1017 2656 drirrusiri
1031 2581 1149 2654 Conon
1168 2598 1200 2653 et

136 2693 298 2769 Eudoxus
317 2703 344 2784 ¹,
362 2723 437 2796 quos
448 2694 580 2792 Virgilii
596 2716 710 2799 pastor
724 2696 846 2801 poculo
864 2696 1048 2798 insculptos
1063 2694 1198 2784 habuit,

136 2811 329 2911 pastoribus
346 2829 380 2886 et
396 2809 549 2906 agricolis
563 2813 746 2889 innotuisse
761 2831 926 2916 poteraut
944 2813 1015 2888 Ecl.
1031 2816 1099 2902 Ill,
1117 2815 1187 2907 40:

270 2990 302 3045 ln
315 2989 404 3046 medio
419 2989 473 3045 duo
484 2987 574 3060 signa,
589 2987 685 3044 Conon
697 3001 725 3046 et
737 2990 794 3063 quis
804 2991 854 3045 tuis
865 2990 950 3060 alter,

270 3081 416 3148 Descripsit
424 3083 497 3134 radio
506 3085 586 3131 totum
597 3082 643 3147 qui
648 3084 763 3147 geaels'brs
775 3083 870 3145 orben,

277 3167 411 3235 stpors,
424 3189 478 3236 que
488 3185 594 3229 messor,
611 3186 665 3236 que
676 3186 764 3222 currus
772 3180 860 3223 arator
868 3174 976 3226 haberet.

189 3329 379 3405 IV..Praeter
394 3330 580 3407 Graecorum
591 3349 624 3407 et
632 3331 932 3409 Alexandrinorum
943 3334 1200 3424 observationes,

141 3446 211 3522 aliae
237 3448 332 3522 etiam
356 3447 392 3521 in
412 3447 509 3522 ltalia
529 3451 691 3527 institute
712 3471 936 3541 accesserant,
962 3453 1054 3527 verbi
1073 3483 1100 3528 c.
1127 3456 1201 3530 Ce-

141 3563 223 3638 saris
240 3563 329 3663 apud
344 3562 491 3637 Plinium
507 3592 592 3664 saepe
609 3567 688 3640 satis
704 3584 845 3654 exacte,
866 3584 900 3640 ot
913 3565 991 3641 fasti
1007 3566 1202 3672 plerumque

142 3701 174 3757 et
190 3708 310 3778 grecas
322 3698 356 3754 et
372 3709 522 3755 romanas
538 3681 678 3779 junctim
694 3682 848 3758 exhibere
860 3682 1021 3774 solebant.
1039 3686 1202 3762 Plurimus

140 3815 218 3871 vett.
235 3796 493 3885 observationes,
508 3796 617 3897 quoad
629 3796 797 3872 veritatem
811 3803 1063 3877 astronomicam
1074 3802 1202 3896 egregie

179 3999 187 4027 ¹
207 3996 348 4050 Eudoxum
368 4005 458 4049 autem
479 4013 534 4050 esse
555 3994 652 4064 illum,
698 3995 807 4052 rusticos
817 3997 964 4065 habebant,
979 4015 1077 4051 nomen
1089 3994 1205 4051 neminiss

142 4074 218 4141 cuius
230 4092 329 4128 nomeu
341 4092 396 4127 non
407 4075 522 4143 suppetit
532 4076 650 4140 consuti,
700 4092 750 4143 que
756 4074 916 4143 secundum,
924 4075 980 4129 lere
987 4075 1150 4144 exploretum
1157 4086 1203 4129 est.

145 4152 178 4205 ob
198 4153 317 4220 celebre,
338 4150 409 4223 quorl
426 4149 484 4220 eius
501 4150 563 4206 fasti
583 4152 651 4223 apud
700 4151 771 4205 Vide
783 4150 936 4217 hunnum,
950 4152 1041 4208 Plan.
1052 4152 1094 4221 X,
1108 4155 1161 4222 187.
