<?xml version="1.0" encoding="UTF-8"?>
<!DOCTYPE html PUBLIC "-//W3C//DTD XHTML 1.0 Transitional//EN"
    "http://www.w3.org/TR/xhtml1/DTD/xhtml1-transitional.dtd">
<html xmlns="http://www.w3.org/1999/xhtml" xml:lang="en" lang="en">
 <head>
  <title>
</title>
<meta http-equiv="Content-Type" content="text/html;charset=utf-8" />
  <meta name='ocr-system' content='tesseract 3.04.00' />
  <meta name='ocr-capabilities' content='ocr_page ocr_carea ocr_par ocr_line ocrx_word'/>
</head>
<body>
  <div class='ocr_page' id='page_1' title='image "./publiiovidiinas08massgoog/publiiovidiinas08massgoog_0021.png"; bbox 0 0 2692 4672; ppageno 0'>
   <div class='ocr_carea' id='block_1_1' title="bbox 171 297 863 368">
    <p class='ocr_par' dir='ltr' id='par_1_1' title="bbox 171 297 863 368">
     <span class='ocr_line' id='line_1_1' title="bbox 171 297 863 368; baseline -0.004 0"><span class='ocrx_word' id='word_1_1' title='bbox 171 302 192 368; x_wconf 86' lang='lat'>8</span> <span class='ocrx_word' id='word_1_2' title='bbox 530 297 863 367; x_wconf 82' lang='lat' dir='ltr'><strong>PROOEMIUM.</strong></span> 
     </span>
    </p>
   </div>
   <div class='ocr_carea' id='block_1_2' title="bbox 169 438 1235 2383">
    <p class='ocr_par' dir='ltr' id='par_1_2' title="bbox 169 438 1235 2383">
     <span class='ocr_line' id='line_1_2' title="bbox 169 438 1227 542; baseline 0.003 -28"><span class='ocrx_word' id='word_1_3' title='bbox 169 458 273 542; x_wconf 79' lang='lat' dir='ltr'><strong>styma</strong></span> <span class='ocrx_word' id='word_1_4' title='bbox 286 438 524 515; x_wconf 86' lang='lat' dir='ltr'><strong>vocabulorum</strong></span> <span class='ocrx_word' id='word_1_5' title='bbox 536 441 722 542; x_wconf 76' lang='lat' dir='ltr'>pertinent,</span> <span class='ocrx_word' id='word_1_6' title='bbox 735 438 930 535; x_wconf 76' lang='lat' dir='ltr'><strong>genealogia</strong></span> <span class='ocrx_word' id='word_1_7' title='bbox 942 438 1106 526; x_wconf 81' lang='lat' dir='ltr'>Dardani,</span> <span class='ocrx_word' id='word_1_8' title='bbox 1120 438 1227 517; x_wconf 85' lang='lat' dir='ltr'><strong>Pleia-</strong></span> 
     </span>
     <span class='ocr_line' id='line_1_3' title="bbox 172 561 1229 664; baseline 0.003 -31"><span class='ocrx_word' id='word_1_9' title='bbox 172 561 250 635; x_wconf 86' lang='lat' dir='ltr'><strong>dum</strong></span> <span class='ocrx_word' id='word_1_10' title='bbox 269 562 481 650; x_wconf 84' lang='lat' dir='ltr'><strong>nominibus,</strong></span> <span class='ocrx_word' id='word_1_11' title='bbox 498 561 646 657; x_wconf 85' lang='lat' dir='ltr'><strong>catalogo</strong></span> <span class='ocrx_word' id='word_1_12' title='bbox 664 564 873 648; x_wconf 79' lang='lat' dir='ltr'><strong>Graeeomm,</strong></span> <span class='ocrx_word' id='word_1_13' title='bbox 892 562 999 662; x_wconf 91' lang='lat' dir='ltr'><strong>quiin</strong></span> <span class='ocrx_word' id='word_1_14' title='bbox 1016 561 1142 636; x_wconf 91' lang='lat' dir='ltr'><strong>ltaliam</strong></span> <span class='ocrx_word' id='word_1_15' title='bbox 1153 590 1229 664; x_wconf 84' lang='lat' dir='ltr'><strong>per·</strong></span> 
     </span>
     <span class='ocr_line' id='line_1_4' title="bbox 169 682 1229 785; baseline 0.003 -28"><span class='ocrx_word' id='word_1_16' title='bbox 169 703 348 771; x_wconf 87' lang='lat' dir='ltr'><strong>venerunt,</strong></span> <span class='ocrx_word' id='word_1_17' title='bbox 369 683 494 785; x_wconf 88' lang='lat' dir='ltr'><strong>aliquid</strong></span> <span class='ocrx_word' id='word_1_18' title='bbox 519 703 623 758; x_wconf 91' lang='lat' dir='ltr'><strong>tamen</strong></span> <span class='ocrx_word' id='word_1_19' title='bbox 642 685 754 780; x_wconf 81' lang='lat' dir='ltr'><strong>gratiae</strong></span> <span class='ocrx_word' id='word_1_20' title='bbox 775 683 928 771; x_wconf 80' lang='lat' dir='ltr'><strong>addidit,</strong></span> <span class='ocrx_word' id='word_1_21' title='bbox 953 702 993 758; x_wconf 92' lang='lat' dir='ltr'><strong>ut</strong></span> <span class='ocrx_word' id='word_1_22' title='bbox 1012 682 1154 758; x_wconf 78' lang='lat' dir='ltr'><strong>libenter</strong></span> <span class='ocrx_word' id='word_1_23' title='bbox 1173 715 1229 760; x_wconf 91' lang='lat' dir='ltr'><strong>co-</strong></span> 
     </span>
     <span class='ocr_line' id='line_1_5' title="bbox 170 807 1229 910; baseline 0.002 -30"><span class='ocrx_word' id='word_1_24' title='bbox 170 825 383 903; x_wconf 84' lang='lat' dir='ltr'><strong>gnoscantur.</strong></span> <span class='ocrx_word' id='word_1_25' title='bbox 398 807 470 882; x_wconf 88' lang='lat' dir='ltr'><strong>lllis</strong></span> <span class='ocrx_word' id='word_1_26' title='bbox 482 807 585 883; x_wconf 90' lang='lat' dir='ltr'><strong>multa</strong></span> <span class='ocrx_word' id='word_1_27' title='bbox 595 808 812 909; x_wconf 89' lang='lat' dir='ltr'><strong>interposuit,</strong></span> <span class='ocrx_word' id='word_1_28' title='bbox 827 836 900 909; x_wconf 82' lang='lat' dir='ltr'><strong>quae</strong></span> <span class='ocrx_word' id='word_1_29' title='bbox 908 807 1066 882; x_wconf 86' lang='lat' dir='ltr'><strong>lectorem</strong></span> <span class='ocrx_word' id='word_1_30' title='bbox 1081 810 1229 910; x_wconf 88' lang='lat' dir='ltr'><strong>impense</strong></span> 
     </span>
     <span class='ocr_line' id='line_1_6' title="bbox 170 930 1230 1034; baseline 0.004 -30"><span class='ocrx_word' id='word_1_31' title='bbox 170 948 303 1020; x_wconf 89' lang='lat' dir='ltr'><strong>tenent,</strong></span> <span class='ocrx_word' id='word_1_32' title='bbox 327 933 411 1007; x_wconf 89' lang='lat' dir='ltr'><strong>veris</strong></span> <span class='ocrx_word' id='word_1_33' title='bbox 428 932 700 1034; x_wconf 76' lang='lat' dir='ltr'><strong>descriptionem,</strong></span> <span class='ocrx_word' id='word_1_34' title='bbox 717 930 830 1006; x_wconf 90' lang='lat' dir='ltr'><strong>laudes</strong></span> <span class='ocrx_word' id='word_1_35' title='bbox 854 932 1038 1032; x_wconf 87' lang='lat' dir='ltr'><strong>primorum</strong></span> <span class='ocrx_word' id='word_1_36' title='bbox 1066 934 1230 1008; x_wconf 87' lang='lat' dir='ltr'><strong>Astrono-</strong></span> 
     </span>
     <span class='ocr_line' id='line_1_7' title="bbox 169 1054 1230 1157; baseline 0.002 -29"><span class='ocrx_word' id='word_1_37' title='bbox 169 1082 320 1142; x_wconf 89' lang='lat' dir='ltr'><strong>morum,</strong></span> <span class='ocrx_word' id='word_1_38' title='bbox 340 1054 447 1131; x_wconf 89' lang='lat' dir='ltr'><strong>locum</strong></span> <span class='ocrx_word' id='word_1_39' title='bbox 468 1056 637 1153; x_wconf 89' lang='lat' dir='ltr'><strong>egregium</strong></span> <span class='ocrx_word' id='word_1_40' title='bbox 655 1055 695 1129; x_wconf 90' lang='lat' dir='ltr'><strong>de</strong></span> <span class='ocrx_word' id='word_1_41' title='bbox 715 1056 854 1130; x_wconf 84' lang='lat' dir='ltr'><strong>Veneris</strong></span> <span class='ocrx_word' id='word_1_42' title='bbox 878 1057 1044 1156; x_wconf 87' lang='lat' dir='ltr'><strong>potentia,</strong></span> <span class='ocrx_word' id='word_1_43' title='bbox 1063 1056 1230 1157; x_wconf 85' lang='lat' dir='ltr'><strong>hymnos,</strong></span> 
     </span>
     <span class='ocr_line' id='line_1_8' title="bbox 169 1176 1229 1279; baseline 0.003 -28"><span class='ocrx_word' id='word_1_44' title='bbox 169 1205 283 1279; x_wconf 82' lang='lat' dir='ltr'>preces</span> <span class='ocrx_word' id='word_1_45' title='bbox 300 1178 340 1252; x_wconf 94' lang='lat' dir='ltr'><strong>ad</strong></span> <span class='ocrx_word' id='word_1_46' title='bbox 357 1179 506 1253; x_wconf 87' lang='lat' dir='ltr'><strong>Cererem</strong></span> <span class='ocrx_word' id='word_1_47' title='bbox 521 1196 556 1252; x_wconf 86' lang='lat' dir='ltr'><strong>et</strong></span> <span class='ocrx_word' id='word_1_48' title='bbox 570 1178 727 1265; x_wconf 89' lang='lat' dir='ltr'><strong>Terram,</strong></span> <span class='ocrx_word' id='word_1_49' title='bbox 745 1176 787 1252; x_wconf 90' lang='lat' dir='ltr'><strong>ad</strong></span> <span class='ocrx_word' id='word_1_50' title='bbox 805 1176 929 1265; x_wconf 82' lang='lat' dir='ltr'><strong>Palen,</strong></span> <span class='ocrx_word' id='word_1_51' title='bbox 946 1179 987 1252; x_wconf 92' lang='lat' dir='ltr'><strong>ad</strong></span> <span class='ocrx_word' id='word_1_52' title='bbox 1004 1179 1229 1274; x_wconf 86' lang='lat' dir='ltr'><strong>Robiginem,</strong></span> 
     </span>
     <span class='ocr_line' id='line_1_9' title="bbox 170 1299 1233 1402; baseline 0.005 -29"><span class='ocrx_word' id='word_1_53' title='bbox 170 1318 204 1373; x_wconf 87' lang='lat' dir='ltr'><strong>et</strong></span> <span class='ocrx_word' id='word_1_54' title='bbox 218 1318 436 1375; x_wconf 89' lang='lat' dir='ltr'><strong>mercatorum</strong></span> <span class='ocrx_word' id='word_1_55' title='bbox 453 1300 495 1374; x_wconf 89' lang='lat' dir='ltr'><strong>ad</strong></span> <span class='ocrx_word' id='word_1_56' title='bbox 510 1299 736 1387; x_wconf 84' lang='lat' dir='ltr'><strong>Mercurium,</strong></span> <span class='ocrx_word' id='word_1_57' title='bbox 760 1301 950 1374; x_wconf 89' lang='lat' dir='ltr'><strong>notationes</strong></span> <span class='ocrx_word' id='word_1_58' title='bbox 966 1330 1096 1375; x_wconf 90' lang='lat' dir='ltr'><strong>morum</strong></span> <span class='ocrx_word' id='word_1_59' title='bbox 1113 1303 1233 1402; x_wconf 79' lang='lat' dir='ltr'><strong>priscis</strong></span> 
     </span>
     <span class='ocr_line' id='line_1_10' title="bbox 171 1421 1233 1523; baseline 0.005 -29"><span class='ocrx_word' id='word_1_60' title='bbox 171 1438 205 1494; x_wconf 90' lang='lat' dir='ltr'><strong>et</strong></span> <span class='ocrx_word' id='word_1_61' title='bbox 220 1421 460 1497; x_wconf 89' lang='lat' dir='ltr'><strong>reoentioribus</strong></span> <span class='ocrx_word' id='word_1_62' title='bbox 478 1421 705 1523; x_wconf 83' lang='lat' dir='ltr'><strong>temporibus,</strong></span> <span class='ocrx_word' id='word_1_63' title='bbox 731 1423 877 1518; x_wconf 79' lang='lat' dir='ltr'><strong>Augusti</strong></span> <span class='ocrx_word' id='word_1_64' title='bbox 893 1423 1006 1498; x_wconf 87' lang='lat' dir='ltr'><strong>laudes</strong></span> <span class='ocrx_word' id='word_1_65' title='bbox 1022 1441 1055 1497; x_wconf 89' lang='lat' dir='ltr'><strong>et</strong></span> <span class='ocrx_word' id='word_1_66' title='bbox 1070 1452 1145 1501; x_wconf 87' lang='lat' dir='ltr'><strong>cum</strong></span> <span class='ocrx_word' id='word_1_67' title='bbox 1161 1427 1233 1503; x_wconf 83' lang='lat' dir='ltr'><strong>lto-</strong></span> 
     </span>
     <span class='ocr_line' id='line_1_11' title="bbox 170 1542 1234 1643; baseline 0.009 -26"><span class='ocrx_word' id='word_1_68' title='bbox 170 1542 263 1617; x_wconf 87' lang='lat' dir='ltr'><strong>mnlo</strong></span> <span class='ocrx_word' id='word_1_69' title='bbox 281 1544 569 1643; x_wconf 84' lang='lat' dir='ltr'><strong>comparationem.</strong></span> <span class='ocrx_word' id='word_1_70' title='bbox 594 1543 722 1619; x_wconf 87' lang='lat' dir='ltr'><strong>Sedulo</strong></span> <span class='ocrx_word' id='word_1_71' title='bbox 742 1544 947 1633; x_wconf 89' lang='lat' dir='ltr'><strong>elaboravit,</strong></span> <span class='ocrx_word' id='word_1_72' title='bbox 976 1564 1015 1620; x_wconf 93' lang='lat' dir='ltr'><strong>ut</strong></span> <span class='ocrx_word' id='word_1_73' title='bbox 1031 1547 1131 1622; x_wconf 90' lang='lat' dir='ltr'><strong>rebus</strong></span> <span class='ocrx_word' id='word_1_74' title='bbox 1148 1565 1234 1627; x_wconf 88' lang='lat' dir='ltr'><strong>trac.-</strong></span> 
     </span>
     <span class='ocr_line' id='line_1_12' title="bbox 172 1664 1233 1771; baseline 0.004 -31"><span class='ocrx_word' id='word_1_75' title='bbox 172 1665 282 1740; x_wconf 88' lang='lat' dir='ltr'><strong>tandis</strong></span> <span class='ocrx_word' id='word_1_76' title='bbox 298 1664 418 1740; x_wconf 83' lang='lat' dir='ltr'><strong>variam</strong></span> <span class='ocrx_word' id='word_1_77' title='bbox 439 1664 577 1741; x_wconf 87' lang='lat' dir='ltr'><strong>sormam</strong></span> <span class='ocrx_word' id='word_1_78' title='bbox 592 1667 707 1755; x_wconf 87' lang='lat' dir='ltr'><strong>daret,</strong></span> <span class='ocrx_word' id='word_1_79' title='bbox 735 1687 774 1743; x_wconf 90' lang='lat' dir='ltr'><strong>ut</strong></span> <span class='ocrx_word' id='word_1_80' title='bbox 786 1666 929 1769; x_wconf 91' lang='lat' dir='ltr'><strong>plurima</strong></span> <span class='ocrx_word' id='word_1_81' title='bbox 942 1669 1116 1756; x_wconf 87' lang='lat' dir='ltr'><strong>animaret,</strong></span> <span class='ocrx_word' id='word_1_82' title='bbox 1133 1688 1233 1771; x_wconf 88' lang='lat' dir='ltr'><strong>atque</strong></span> 
     </span>
     <span class='ocr_line' id='line_1_13' title="bbox 170 1787 1234 1893; baseline 0.006 -33"><span class='ocrx_word' id='word_1_83' title='bbox 170 1787 328 1862; x_wconf 81' lang='lat' dir='ltr'><strong>doctrinae</strong></span> <span class='ocrx_word' id='word_1_84' title='bbox 344 1818 411 1863; x_wconf 82' lang='lat' dir='ltr'><strong>suae</strong></span> <span class='ocrx_word' id='word_1_85' title='bbox 428 1790 534 1890; x_wconf 92' lang='lat' dir='ltr'><strong>copiis</strong></span> <span class='ocrx_word' id='word_1_86' title='bbox 547 1810 728 1864; x_wconf 83' lang='lat' dir='ltr'><strong>exornaret.</strong></span> <span class='ocrx_word' id='word_1_87' title='bbox 743 1792 792 1866; x_wconf 78' lang='lat' dir='ltr'><strong>Ac</strong></span> <span class='ocrx_word' id='word_1_88' title='bbox 804 1792 990 1867; x_wconf 87' lang='lat' dir='ltr'><strong>varietatem</strong></span> <span class='ocrx_word' id='word_1_89' title='bbox 1001 1792 1133 1893; x_wconf 91' lang='lat' dir='ltr'><strong>quidem</strong></span> <span class='ocrx_word' id='word_1_90' title='bbox 1144 1793 1234 1868; x_wconf 89' lang='lat' dir='ltr'><strong>baud</strong></span> 
     </span>
     <span class='ocr_line' id='line_1_14' title="bbox 173 1911 1234 2015; baseline 0.005 -31"><span class='ocrx_word' id='word_1_91' title='bbox 173 1911 243 1984; x_wconf 89' lang='lat' dir='ltr'><strong>scio</strong></span> <span class='ocrx_word' id='word_1_92' title='bbox 261 1939 303 1983; x_wconf 89' lang='lat' dir='ltr'><strong>an</strong></span> <span class='ocrx_word' id='word_1_93' title='bbox 319 1912 353 1984; x_wconf 94' lang='lat' dir='ltr'><strong>in</strong></span> <span class='ocrx_word' id='word_1_94' title='bbox 369 1911 510 1986; x_wconf 86' lang='lat' dir='ltr'><strong>vinculis</strong></span> <span class='ocrx_word' id='word_1_95' title='bbox 523 1942 656 2014; x_wconf 89' lang='lat' dir='ltr'><strong>quoque</strong></span> <span class='ocrx_word' id='word_1_96' title='bbox 672 1914 865 2001; x_wconf 88' lang='lat' dir='ltr'><strong>admireris,</strong></span> <span class='ocrx_word' id='word_1_97' title='bbox 891 1915 1014 2015; x_wconf 91' lang='lat' dir='ltr'><strong>quibus</strong></span> <span class='ocrx_word' id='word_1_98' title='bbox 1027 1915 1234 2010; x_wconf 88' lang='lat' dir='ltr'><strong>singulorum</strong></span> 
     </span>
     <span class='ocr_line' id='line_1_15' title="bbox 173 2032 1235 2133; baseline 0.008 -29"><span class='ocrx_word' id='word_1_99' title='bbox 173 2032 299 2106; x_wconf 91' lang='lat' dir='ltr'><strong>dierum</strong></span> <span class='ocrx_word' id='word_1_100' title='bbox 316 2034 432 2108; x_wconf 85' lang='lat' dir='ltr'><strong>seriem</strong></span> <span class='ocrx_word' id='word_1_101' title='bbox 449 2033 625 2109; x_wconf 87' lang='lat' dir='ltr'><strong>connectit.</strong></span> <span class='ocrx_word' id='word_1_102' title='bbox 648 2039 772 2111; x_wconf 85' lang='lat' dir='ltr'><strong>Rerum</strong></span> <span class='ocrx_word' id='word_1_103' title='bbox 789 2038 891 2133; x_wconf 85' lang='lat' dir='ltr'><strong>igitur</strong></span> <span class='ocrx_word' id='word_1_104' title='bbox 912 2039 1158 2112; x_wconf 90' lang='lat' dir='ltr'><strong>innumeramm</strong></span> <span class='ocrx_word' id='word_1_105' title='bbox 1176 2068 1235 2113; x_wconf 90' lang='lat' dir='ltr'><strong>co-</strong></span> 
     </span>
     <span class='ocr_line' id='line_1_16' title="bbox 171 2155 1235 2259; baseline 0.004 -28"><span class='ocrx_word' id='word_1_106' title='bbox 171 2155 281 2257; x_wconf 84' lang='lat' dir='ltr'><strong>piam,</strong></span> <span class='ocrx_word' id='word_1_107' title='bbox 298 2187 379 2259; x_wconf 89' lang='lat' dir='ltr'><strong>quas</strong></span> <span class='ocrx_word' id='word_1_108' title='bbox 393 2187 490 2231; x_wconf 90' lang='lat' dir='ltr'><strong>nosse</strong></span> <span class='ocrx_word' id='word_1_109' title='bbox 508 2177 540 2231; x_wconf 92' lang='lat' dir='ltr'><strong>et</strong></span> <span class='ocrx_word' id='word_1_110' title='bbox 556 2160 785 2232; x_wconf 86' lang='lat' dir='ltr'><strong>Rornanorum</strong></span> <span class='ocrx_word' id='word_1_111' title='bbox 803 2158 881 2232; x_wconf 90' lang='lat' dir='ltr'><strong>olim</strong></span> <span class='ocrx_word' id='word_1_112' title='bbox 899 2161 1071 2247; x_wconf 83' lang='lat' dir='ltr'><strong>intererat,</strong></span> <span class='ocrx_word' id='word_1_113' title='bbox 1086 2180 1119 2235; x_wconf 92' lang='lat' dir='ltr'><strong>et</strong></span> <span class='ocrx_word' id='word_1_114' title='bbox 1134 2161 1235 2235; x_wconf 89' lang='lat' dir='ltr'><strong>bodie</strong></span> 
     </span>
     <span class='ocr_line' id='line_1_17' title="bbox 174 2281 1234 2383; baseline 0.005 -31"><span class='ocrx_word' id='word_1_115' title='bbox 174 2296 289 2354; x_wconf 84' lang='lat' dir='ltr'><strong>nostra</strong></span> <span class='ocrx_word' id='word_1_116' title='bbox 306 2282 460 2366; x_wconf 89' lang='lat' dir='ltr'><strong>interest,</strong></span> <span class='ocrx_word' id='word_1_117' title='bbox 478 2281 651 2380; x_wconf 89' lang='lat' dir='ltr'><strong>perspicue</strong></span> <span class='ocrx_word' id='word_1_118' title='bbox 676 2299 776 2382; x_wconf 89' lang='lat' dir='ltr'><strong>atque</strong></span> <span class='ocrx_word' id='word_1_119' title='bbox 799 2282 941 2379; x_wconf 88' lang='lat' dir='ltr'><strong>jucunde</strong></span> <span class='ocrx_word' id='word_1_120' title='bbox 962 2283 1101 2370; x_wconf 89' lang='lat' dir='ltr'><strong>retulit,</strong></span> <span class='ocrx_word' id='word_1_121' title='bbox 1128 2313 1234 2383; x_wconf 88' lang='lat' dir='ltr'><strong>neque</strong></span> 
     </span>
    </p>
   </div>
   <div class='ocr_carea' id='block_1_3' title="bbox 172 2401 1235 2503">
    <p class='ocr_par' dir='ltr' id='par_1_3' title="bbox 172 2401 1235 2503">
     <span class='ocr_line' id='line_1_18' title="bbox 172 2401 1235 2503; baseline 0.001 -26"><span class='ocrx_word' id='word_1_122' title='bbox 172 2401 320 2498; x_wconf 82' lang='lat' dir='ltr'><strong>neglexit</strong></span> <span class='ocrx_word' id='word_1_123' title='bbox 341 2405 555 2496; x_wconf 88' lang='lat' dir='ltr'><strong>Augustum,</strong></span> <span class='ocrx_word' id='word_1_124' title='bbox 587 2430 781 2502; x_wconf 86' lang='lat' dir='ltr'><strong>omnemque</strong></span> <span class='ocrx_word' id='word_1_125' title='bbox 810 2404 944 2479; x_wconf 91' lang='lat' dir='ltr'><strong>domum</strong></span> <span class='ocrx_word' id='word_1_126' title='bbox 974 2407 1152 2480; x_wconf 83' lang='lat' dir='ltr'><strong>Caesaream</strong></span> <span class='ocrx_word' id='word_1_127' title='bbox 1180 2406 1235 2503; x_wconf 91' lang='lat' dir='ltr'><strong>pie</strong></span> 
     </span>
    </p>
   </div>
   <div class='ocr_carea' id='block_1_4' title="bbox 174 2556 1238 4098">
    <p class='ocr_par' dir='ltr' id='par_1_4' title="bbox 174 2556 331 2603">
     <span class='ocr_line' id='line_1_19' title="bbox 174 2556 331 2603; baseline -0.006 -2"><span class='ocrx_word' id='word_1_128' title='bbox 174 2556 331 2603; x_wconf 81' lang='lat' dir='ltr'><strong>venerari.</strong></span> 
     </span>
    </p>

    <p class='ocr_par' dir='ltr' id='par_1_5' title="bbox 175 2648 1238 3970">
     <span class='ocr_line' id='line_1_20' title="bbox 223 2648 1236 2752; baseline 0.001 -26"><span class='ocrx_word' id='word_1_129' title='bbox 223 2653 263 2726; x_wconf 94' lang='lat' dir='ltr'><strong>ln</strong></span> <span class='ocrx_word' id='word_1_130' title='bbox 281 2652 345 2726; x_wconf 89' lang='lat' dir='ltr'><strong>hoc</strong></span> <span class='ocrx_word' id='word_1_131' title='bbox 363 2649 505 2724; x_wconf 87' lang='lat' dir='ltr'><strong>carmine</strong></span> <span class='ocrx_word' id='word_1_132' title='bbox 532 2651 762 2752; x_wconf 89' lang='lat' dir='ltr'><strong>componendo</strong></span> <span class='ocrx_word' id='word_1_133' title='bbox 781 2652 896 2751; x_wconf 75' lang='lat' dir='ltr'><strong>Elegos</strong></span> <span class='ocrx_word' id='word_1_134' title='bbox 911 2648 1087 2736; x_wconf 90' lang='lat' dir='ltr'><strong>adhibuit,</strong></span> <span class='ocrx_word' id='word_1_135' title='bbox 1113 2652 1236 2751; x_wconf 80' lang='lat' dir='ltr'><strong>quibns</strong></span> 
     </span>
     <span class='ocr_line' id='line_1_21' title="bbox 176 2772 1236 2867; baseline 0.003 -21"><span class='ocrx_word' id='word_1_136' title='bbox 176 2792 270 2846; x_wconf 88' lang='lat' dir='ltr'><strong>antea</strong></span> <span class='ocrx_word' id='word_1_137' title='bbox 283 2773 318 2845; x_wconf 93' lang='lat' dir='ltr'><strong>in</strong></span> <span class='ocrx_word' id='word_1_138' title='bbox 332 2773 502 2846; x_wconf 85' lang='lat' dir='ltr'><strong>amoribus</strong></span> <span class='ocrx_word' id='word_1_139' title='bbox 517 2773 673 2847; x_wconf 89' lang='lat' dir='ltr'><strong>canendis</strong></span> <span class='ocrx_word' id='word_1_140' title='bbox 688 2801 769 2846; x_wconf 91' lang='lat' dir='ltr'><strong>usus</strong></span> <span class='ocrx_word' id='word_1_141' title='bbox 784 2791 863 2847; x_wconf 86' lang='lat' dir='ltr'><strong>erat.</strong></span> <span class='ocrx_word' id='word_1_142' title='bbox 877 2775 987 2867; x_wconf 83' lang='lat' dir='ltr'><strong>Quam</strong></span> <span class='ocrx_word' id='word_1_143' title='bbox 1002 2772 1169 2848; x_wconf 89' lang='lat' dir='ltr'><strong>audaciam</strong></span> <span class='ocrx_word' id='word_1_144' title='bbox 1180 2804 1236 2849; x_wconf 87' lang='lat' dir='ltr'><strong>ex-</strong></span> 
     </span>
     <span class='ocr_line' id='line_1_22' title="bbox 175 2891 1235 2989; baseline -0.001 -19"><span class='ocrx_word' id='word_1_145' title='bbox 175 2912 286 2980; x_wconf 90' lang='lat' dir='ltr'><strong>cusat,</strong></span> <span class='ocrx_word' id='word_1_146' title='bbox 306 2893 364 2966; x_wconf 90' lang='lat' dir='ltr'><strong>lib.</strong></span> <span class='ocrx_word' id='word_1_147' title='bbox 382 2896 414 2965; x_wconf 94' lang='lat' dir='ltr'><strong>ll</strong></span> <span class='ocrx_word' id='word_1_148' title='bbox 429 2895 566 2981; x_wconf 89' lang='lat' dir='ltr'><strong>init.,et</strong></span> <span class='ocrx_word' id='word_1_149' title='bbox 575 2893 682 2967; x_wconf 92' lang='lat' dir='ltr'><strong>multo</strong></span> <span class='ocrx_word' id='word_1_150' title='bbox 691 2895 813 2989; x_wconf 87' lang='lat' dir='ltr'><strong>magis,</strong></span> <span class='ocrx_word' id='word_1_151' title='bbox 828 2921 909 2966; x_wconf 86' lang='lat' dir='ltr'><strong>vers.</strong></span> <span class='ocrx_word' id='word_1_152' title='bbox 931 2891 1007 2981; x_wconf 88' lang='lat'><strong>125,</strong></span> <span class='ocrx_word' id='word_1_153' title='bbox 1023 2895 1081 2968; x_wconf 93' lang='lat' dir='ltr'><strong>ubi</strong></span> <span class='ocrx_word' id='word_1_154' title='bbox 1093 2896 1235 2971; x_wconf 87' lang='lat' dir='ltr'><strong>bonores</strong></span> 
     </span>
     <span class='ocr_line' id='line_1_23' title="bbox 177 3015 1237 3115; baseline 0 -23"><span class='ocrx_word' id='word_1_155' title='bbox 177 3017 324 3111; x_wconf 78' lang='lat' dir='ltr'><strong>Augusti</strong></span> <span class='ocrx_word' id='word_1_156' title='bbox 345 3015 505 3102; x_wconf 89' lang='lat' dir='ltr'><strong>celebrat,</strong></span> <span class='ocrx_word' id='word_1_157' title='bbox 522 3044 659 3115; x_wconf 90' lang='lat' dir='ltr'><strong>eamque</strong></span> <span class='ocrx_word' id='word_1_158' title='bbox 677 3016 783 3111; x_wconf 87' lang='lat' dir='ltr'><strong>tangit</strong></span> <span class='ocrx_word' id='word_1_159' title='bbox 801 3015 899 3087; x_wconf 92' lang='lat' dir='ltr'><strong>etiam</strong></span> <span class='ocrx_word' id='word_1_160' title='bbox 920 3017 987 3101; x_wconf 80' lang='lat' dir='ltr'><strong>Vt,</strong></span> <span class='ocrx_word' id='word_1_161' title='bbox 1017 3042 1073 3088; x_wconf 88' lang='lat'><strong>21.</strong></span> <span class='ocrx_word' id='word_1_162' title='bbox 1090 3017 1145 3090; x_wconf 81' lang='lat' dir='ltr'><strong>An</strong></span> <span class='ocrx_word' id='word_1_163' title='bbox 1162 3018 1237 3094; x_wconf 89' lang='lat' dir='ltr'><strong>Cal-</strong></span> 
     </span>
     <span class='ocr_line' id='line_1_24' title="bbox 176 3138 1235 3235; baseline 0.002 -21"><span class='ocrx_word' id='word_1_164' title='bbox 176 3140 336 3215; x_wconf 89' lang='lat' dir='ltr'><strong>limachus</strong></span> <span class='ocrx_word' id='word_1_165' title='bbox 361 3140 398 3213; x_wconf 91' lang='lat' dir='ltr'><strong>in</strong></span> <span class='ocrx_word' id='word_1_166' title='bbox 420 3140 527 3214; x_wconf 85' lang='lat' dir='ltr'><strong>causis</strong></span> <span class='ocrx_word' id='word_1_167' title='bbox 542 3139 612 3211; x_wconf 90' lang='lat' dir='ltr'><strong>suis</strong></span> <span class='ocrx_word' id='word_1_168' title='bbox 637 3139 750 3210; x_wconf 90' lang='lat' dir='ltr'><strong>eodem</strong></span> <span class='ocrx_word' id='word_1_169' title='bbox 768 3138 919 3213; x_wconf 84' lang='lat' dir='ltr'><strong>carminis</strong></span> <span class='ocrx_word' id='word_1_170' title='bbox 941 3168 1058 3235; x_wconf 86' lang='lat' dir='ltr'><strong>genere</strong></span> <span class='ocrx_word' id='word_1_171' title='bbox 1075 3169 1155 3215; x_wconf 89' lang='lat' dir='ltr'><strong>usus</strong></span> <span class='ocrx_word' id='word_1_172' title='bbox 1170 3145 1235 3230; x_wconf 88' lang='lat' dir='ltr'><strong>sit,</strong></span> 
     </span>
     <span class='ocr_line' id='line_1_25' title="bbox 177 3257 1237 3347; baseline 0.003 -13"><span class='ocrx_word' id='word_1_173' title='bbox 177 3262 213 3335; x_wconf 93' lang='lat' dir='ltr'><strong>in</strong></span> <span class='ocrx_word' id='word_1_174' title='bbox 229 3291 269 3336; x_wconf 90' lang='lat' dir='ltr'><strong>eo</strong></span> <span class='ocrx_word' id='word_1_175' title='bbox 283 3263 345 3336; x_wconf 88' lang='lat' dir='ltr'><strong>viri</strong></span> <span class='ocrx_word' id='word_1_176' title='bbox 363 3262 451 3336; x_wconf 90' lang='lat' dir='ltr'><strong>docti</strong></span> <span class='ocrx_word' id='word_1_177' title='bbox 467 3289 537 3334; x_wconf 94' lang='lat' dir='ltr'><strong>non</strong></span> <span class='ocrx_word' id='word_1_178' title='bbox 554 3259 763 3335; x_wconf 87' lang='lat' dir='ltr'><strong>consentiunt</strong></span> <span class='ocrx_word' id='word_1_179' title='bbox 778 3287 787 3347; x_wconf 90' lang='lat'><strong>;</strong></span> <span class='ocrx_word' id='word_1_180' title='bbox 818 3257 981 3335; x_wconf 86' lang='lat' dir='ltr'><strong>affirmant</strong></span> <span class='ocrx_word' id='word_1_181' title='bbox 1004 3263 1090 3336; x_wconf 93' lang='lat' dir='ltr'><strong>enim</strong></span> <span class='ocrx_word' id='word_1_182' title='bbox 1114 3263 1237 3338; x_wconf 88' lang='lat' dir='ltr'><strong>Salma-</strong></span> 
     </span>
     <span class='ocr_line' id='line_1_26' title="bbox 180 3382 1238 3484; baseline -0.001 -26"><span class='ocrx_word' id='word_1_183' title='bbox 180 3385 249 3458; x_wconf 92' lang='lat' dir='ltr'><strong>sius</strong></span> <span class='ocrx_word' id='word_1_184' title='bbox 266 3383 307 3457; x_wconf 91' lang='lat' dir='ltr'><strong>ad</strong></span> <span class='ocrx_word' id='word_1_185' title='bbox 324 3383 428 3458; x_wconf 89' lang='lat' dir='ltr'><strong>Solin.</strong></span> <span class='ocrx_word' id='word_1_186' title='bbox 448 3414 480 3484; x_wconf 93' lang='lat' dir='ltr'><strong>p.</strong></span> <span class='ocrx_word' id='word_1_187' title='bbox 506 3382 573 3455; x_wconf 88' lang='lat'><strong>601</strong></span> <span class='ocrx_word' id='word_1_188' title='bbox 593 3440 603 3471; x_wconf 94' lang='lat'><strong>,</strong></span> <span class='ocrx_word' id='word_1_189' title='bbox 633 3401 665 3455; x_wconf 91' lang='lat' dir='ltr'><strong>et</strong></span> <span class='ocrx_word' id='word_1_190' title='bbox 679 3383 949 3459; x_wconf 85' lang='lat' dir='ltr'><strong>Hemsterbusins</strong></span> <span class='ocrx_word' id='word_1_191' title='bbox 964 3386 1001 3458; x_wconf 92' lang='lat' dir='ltr'><strong>in</strong></span> <span class='ocrx_word' id='word_1_192' title='bbox 1017 3386 1080 3459; x_wconf 85' lang='lat' dir='ltr'><strong>Ed.</strong></span> <span class='ocrx_word' id='word_1_193' title='bbox 1095 3388 1175 3458; x_wconf 87' lang='lat' dir='ltr'><strong>Ern.</strong></span> <span class='ocrx_word' id='word_1_194' title='bbox 1197 3385 1238 3459; x_wconf 92' lang='lat' dir='ltr'><strong>ad</strong></span> 
     </span>
     <span class='ocr_line' id='line_1_27' title="bbox 178 3506 1237 3608; baseline 0.001 -25"><span class='ocrx_word' id='word_1_195' title='bbox 178 3507 296 3604; x_wconf 84' lang='lat' dir='ltr'><strong>fragm.</strong></span> <span class='ocrx_word' id='word_1_196' title='bbox 320 3534 385 3607; x_wconf 81' lang='lat'><strong>19,</strong></span> <span class='ocrx_word' id='word_1_197' title='bbox 412 3535 495 3607; x_wconf 91' lang='lat' dir='ltr'><strong>quos</strong></span> <span class='ocrx_word' id='word_1_198' title='bbox 509 3506 650 3579; x_wconf 86' lang='lat' dir='ltr'><strong>Lenzius</strong></span> <span class='ocrx_word' id='word_1_199' title='bbox 667 3507 838 3608; x_wconf 80' lang='lat' dir='ltr'><strong>sequitur3</strong></span> <span class='ocrx_word' id='word_1_200' title='bbox 865 3526 987 3604; x_wconf 88' lang='lat' dir='ltr'><strong>negant</strong></span> <span class='ocrx_word' id='word_1_201' title='bbox 1001 3506 1237 3584; x_wconf 83' lang='lat' dir='ltr'><strong>Valckenarius</strong></span> 
     </span>
     <span class='ocr_line' id='line_1_28' title="bbox 177 3628 1237 3728; baseline 0 -22"><span class='ocrx_word' id='word_1_202' title='bbox 177 3630 219 3706; x_wconf 89' lang='lat' dir='ltr'><strong>ad</strong></span> <span class='ocrx_word' id='word_1_203' title='bbox 236 3628 429 3704; x_wconf 87' lang='lat' dir='ltr'><strong>Callimachi</strong></span> <span class='ocrx_word' id='word_1_204' title='bbox 438 3629 555 3722; x_wconf 82' lang='lat' dir='ltr'><strong>fragm.</strong></span> <span class='ocrx_word' id='word_1_205' title='bbox 567 3656 609 3728; x_wconf 92' lang='lat' dir='ltr'><strong>p..</strong></span> <span class='ocrx_word' id='word_1_206' title='bbox 621 3655 677 3716; x_wconf 92' lang='lat'><strong>10,</strong></span> <span class='ocrx_word' id='word_1_207' title='bbox 693 3648 724 3702; x_wconf 91' lang='lat' dir='ltr'><strong>et</strong></span> <span class='ocrx_word' id='word_1_208' title='bbox 736 3632 878 3705; x_wconf 88' lang='lat' dir='ltr'><strong>Ernesti.</strong></span> <span class='ocrx_word' id='word_1_209' title='bbox 891 3633 941 3704; x_wconf 86' lang='lat' dir='ltr'><strong>Ac</strong></span> <span class='ocrx_word' id='word_1_210' title='bbox 955 3628 1096 3702; x_wconf 85' lang='lat' dir='ltr'><strong>Lenzius</strong></span> <span class='ocrx_word' id='word_1_211' title='bbox 1105 3629 1237 3728; x_wconf 89' lang='lat' dir='ltr'><strong>quidem</strong></span> 
     </span>
     <span class='ocr_line' id='line_1_29' title="bbox 179 3749 1237 3853; baseline 0.002 -29"><span class='ocrx_word' id='word_1_212' title='bbox 179 3754 278 3827; x_wconf 88' lang='lat' dir='ltr'><strong>etiam</strong></span> <span class='ocrx_word' id='word_1_213' title='bbox 294 3751 447 3825; x_wconf 88' lang='lat' dir='ltr'><strong>observat</strong></span> <span class='ocrx_word' id='word_1_214' title='bbox 462 3806 471 3836; x_wconf 99' lang='lat'><strong>,</strong></span> <span class='ocrx_word' id='word_1_215' title='bbox 497 3749 706 3852; x_wconf 86' lang='lat' dir='ltr'><strong>Propertium</strong></span> <span class='ocrx_word' id='word_1_216' title='bbox 722 3781 855 3853; x_wconf 89' lang='lat' dir='ltr'><strong>quoque</strong></span> <span class='ocrx_word' id='word_1_217' title='bbox 868 3750 1009 3826; x_wconf 91' lang='lat' dir='ltr'><strong>carmina</strong></span> <span class='ocrx_word' id='word_1_218' title='bbox 1024 3750 1171 3849; x_wconf 77' lang='lat' dir='ltr'><strong>quaedam</strong></span> <span class='ocrx_word' id='word_1_219' title='bbox 1186 3781 1237 3826; x_wconf 88' lang='lat' dir='ltr'><strong>ar·</strong></span> 
     </span>
     <span class='ocr_line' id='line_1_30' title="bbox 180 3874 843 3970; baseline -0.002 -21"><span class='ocrx_word' id='word_1_220' title='bbox 180 3876 328 3970; x_wconf 87' lang='lat' dir='ltr'><strong>gumenti</strong></span> <span class='ocrx_word' id='word_1_221' title='bbox 341 3874 607 3970; x_wconf 82' lang='lat' dir='ltr'><strong>historici-elegis</strong></span> <span class='ocrx_word' id='word_1_222' title='bbox 621 3877 843 3951; x_wconf 88' lang='lat' dir='ltr'><strong>concinnasse.</strong></span> 
     </span>
    </p>

    <p class='ocr_par' dir='ltr' id='par_1_6' title="bbox 226 3996 1236 4098">
     <span class='ocr_line' id='line_1_31' title="bbox 226 3996 1236 4098; baseline 0.001 -28"><span class='ocrx_word' id='word_1_223' title='bbox 226 3997 342 4096; x_wconf 87' lang='lat' dir='ltr'><strong>Quum</strong></span> <span class='ocrx_word' id='word_1_224' title='bbox 366 3997 507 4074; x_wconf 85' lang='lat' dir='ltr'><strong>Ovidius</strong></span> <span class='ocrx_word' id='word_1_225' title='bbox 527 3998 590 4075; x_wconf 89' lang='lat' dir='ltr'><strong>hos</strong></span> <span class='ocrx_word' id='word_1_226' title='bbox 611 4027 668 4074; x_wconf 85' lang='lat' dir='ltr'><strong>sex</strong></span> <span class='ocrx_word' id='word_1_227' title='bbox 689 4001 863 4072; x_wconf 83' lang='lat' dir='ltr'><strong>Fastorum</strong></span> <span class='ocrx_word' id='word_1_228' title='bbox 883 3996 987 4072; x_wconf 89' lang='lat' dir='ltr'><strong>libros</strong></span> <span class='ocrx_word' id='word_1_229' title='bbox 1007 3999 1159 4098; x_wconf 79' lang='lat' dir='ltr'><strong>Augusto</strong></span> <span class='ocrx_word' id='word_1_230' title='bbox 1184 4026 1236 4072; x_wconf 89' lang='lat' dir='ltr'><strong>sa·</strong></span> 
     </span>
    </p>
   </div>
   <div class='ocr_carea' id='block_1_5' title="bbox 0 0 1362 4672">
    <p class='ocr_par' dir='ltr' id='par_1_7' title="bbox 0 0 1362 4672">
     <span class='ocr_line' id='line_1_32' title="bbox 0 0 1362 4672; baseline 0 0"><span class='ocrx_word' id='word_1_231' title='bbox 0 0 1362 4672; x_wconf 95' lang='lat' dir='ltr'><strong> </strong></span> 
     </span>
    </p>
   </div>
  </div>
 </body>
</html>
