2692 4672
203 278 273 365 446
343 309 347 319 ·
481 278 521 345 Ρ.
545 238 724 349 ovrnu
748 276 980 346 nasonrs

251 421 299 493 Et
312 416 445 514 gemino
461 445 561 491 nexas
575 418 722 520 porrigit
738 447 845 515 angue
861 446 987 493 manus.

205 537 314 610 Notus
332 560 426 606 amor
442 531 605 621 Phaedrae,
621 551 703 607 nota
720 551 770 608 est
787 534 907 633 injuria
923 531 1066 607 'llaeseit

254 649 399 724 Devovit
415 667 531 724 natum
548 649 702 725 credulus
715 648 771 724 ille
790 678 898 724 suum.

204 767 282 839 Non
297 765 434 867 impune
451 768 528 868 pius
542 767 672 867 juvenis
686 770 845 842 Troezena
861 766 1015 869 petebat:

253 882 383 957 Dividit
400 883 572 960 obstantes
587 902 722 986 pectore
739 901 854 958 taurus
871 910 985 984 aquas.

204 998 347 1076 Solliciti
364 1017 528 1075 terrentur
543 1001 639 1102 equi;
655 1000 844 1101 liustraque
860 999 1001 1087 retenti,

254 1119 318 1191 Per
332 1118 490 1218 scopulos
509 1117 682 1191 dominum
698 1116 846 1216 duraque
864 1144 942 1191 saxa
959 1113 1107 1189 trahunt.

204 1233 381 1308 Exciderat
397 1263 518 1321 curru,
536 1231 683 1333 lorisque
700 1233 909 1307 morantibus
926 1250 1019 1308 artus

255 1346 464 1450 Hippolytus
480 1347 586 1422 lacero
605 1375 744 1449 corpore
761 1365 876 1448 raptus
892 1365 982 1434 erat;

207 1463 434 1565 Edideratque
449 1463 610 1552 animam,
627 1462 770 1538 multum
786 1463 980 1559 indignante
996 1463 1116 1536 Diana.
1225 1478 1268 1550 5⁴⁵

146 1666 149 1671 Ι
254 1577 376 1667 Nulla,
396 1580 599 1667 Coronides,
618 1608 716 1653 causa
731 1577 876 1666 doloris,
897 1579 961 1654 ait:

204 1697 358 1793 Namque
374 1693 432 1794 pio
449 1696 562 1794 juveni
575 1694 676 1769 vitam
692 1695 762 1768 sine
780 1693 915 1767 vulnere
932 1692 1089 1780 reddam

233 1906 236 1911 Ι
253 1816 300 1888 Et
318 1813 435 1887 cedent
450 1811 514 1885 arti
532 1812 638 1887 tristia
654 1811 722 1886 sata
736 1840 825 1886 meae.

208 1914 366 2007 Gramina
381 1928 542 2002 continuo
562 1926 681 2003 loculis
698 1916 871 2029 depromit
881 1927 1040 2001 eburnis:

252 2045 452 2121 Profuerant
471 2044 588 2119 Glauci
606 2045 766 2119 Manibus
784 2044 841 2118 illa
854 2043 970 2144 prius:
1223 2064 1269 2135 750

206 2165 326 2253 Tune,
343 2190 446 2262 quum
463 2160 652 2235 observatas
670 2189 776 2256 augur
792 2157 961 2232 descendit
977 2158 1013 2231 in
1029 2156 1170 2245 herbas,

204 2316 310 2371 adllavit
322 2316 425 2382 venus,
439 2336 454 2362 υ
466 2315 538 2370 unde
556 2335 634 2370 causa
648 2314 716 2370 illius
764 2313 867 2367 nendos
878 2332 923 2367 eos
933 2312 1035 2383 putavit
1046 2312 1129 2367 etiarn
1138 2312 1269 2367 Mitsehen·

203 2395 343 2449 locutionis
359 2382 474 2467 apparet
763 2390 870 2453 lichia„
882 2409 963 2443 uncos
969 2389 1042 2443 enim
1049 2391 1171 2458 sustulit,
1185 2390 1269 2460 quitus

240 2473 344 2542 737.De
353 2470 501 2546 Hippolyto
507 2471 567 2537 vlde
577 2472 636 2538 Ill,
648 2472 695 2526 265
707 2494 714 2536 ;
764 2469 855 2522 inclusi
864 2479 940 2523 erant
947 2469 978 2522 ab
987 2469 1109 2523 Heinsio.
1117 2470 1224 2525 Primus
1231 2489 1271 2527 eos

205 2551 258 2605 XV
269 2551 380 2605 Metam.
392 2555 439 2624 497
456 2553 652 2622 sqq-Phaedra
664 2569 716 2603 no·
764 2546 861 2617 recepit
869 2545 1015 2617 Naugerius
1026 2547 1056 2601 in
1068 2559 1204 2619 postrema
1214 2547 1271 2603 edit.

204 2647 296 2696 verca,
309 2648 392 2698 quum
404 2647 461 2682 non
474 2634 564 2698 posset
576 2627 715 2699 Hippoly-
763 2649 795 2682 ex
805 2647 854 2680 suo
865 2627 922 2681 cod.
930 2629 1040 2683 Exstant
1052 2628 1135 2683 etiam
1148 2630 1176 2684 in
1185 2627 1273 2695 ”uini

205 2715 262 2759 tum
276 2706 309 2760 ad
324 2707 487 2761 voluntatem
497 2724 573 2760 suam
582 2705 714 2777 perduce-
764 2703 901 2757 etduobus
910 2704 1272 2763 Paean-Promeru-

205 2806 249 2851 re,
261 2785 354 2838 incesti
371 2785 454 2856 stupri
472 2805 535 2839 eum
547 2784 714 2839 insimulavit.
764 2783 783 2837 ti
793 2784 850 2838 ood.
862 2790 1005 2850 turbantur,
1019 2796 1049 2840 ut
1061 2787 1115 2841 XV
1122 2784 1187 2841 Met.
1197 2789 1254 2854 517.

210 2868 323 2917 Theseus
331 2876 405 2934 pater
414 2864 716 2919 credulusinnoeeutem
794 2864 1272 2935 psssshulflprimisindignabatur,

205 2944 290 2998 filium
306 2945 334 2996 in
352 2945 469 2997 exsilium
483 2945 584 3012 abegit,
605 2945 714 3014 Neptu·
763 2960 844 3012 quam
853 2940 1013 3016 Hippolytus
1024 2953 1052 2998 et
1060 2944 1147 2999 studio
1157 2944 1273 2998 venandi

205 3040 326 3090 numque
339 3021 436 3087 oravit,
455 3033 484 3075 ut
502 3040 565 3074 eum
580 3021 716 3077 interfice·
764 3031 792 3075 et
802 3022 950 3092 virginitate
963 3022 1089 3077 coluerat
1102 3023 1193 3093 ltaque
1204 3023 1272 3094 apud

205 3113 262 3160 ret..
276 3105 341 3155 Pius
362 3101 465 3170 juvenis
486 3121 568 3171 quum
596 3105 716 3157 Tmena
765 3101 918 3174 Hyginum,
931 3101 1139 3168 lab.aSr,etiam
1147 3108 1272 3158 uoluntate

204 3191 321 3251 peteret,
340 3180 384 3233 ubi
403 3179 539 3246 Pittheus,
556 3180 623 3250 apud
634 3198 715 3250 quem
764 3182 859 3233 Druna
874 3179 902 3231 in
922 3181 1004 3233 vitam
1021 3181 1273 3235 redit—Edr'derat

206 3257 330 3311 educatus
341 3267 408 3322 erat,
417 3258 552 3328 regnabat,
561 3258 588 3310 in
597 3256 656 3311 sinu
666 3259 716 3312 Sa·
764 3261 934 3314 Burmannus
943 3280 957 3313 e
966 3261 1132 3315 Francosurt
1144 3263 1269 3332 praetulit,

205 3336 296 3388 ronico
317 3335 412 3388 fluctus
430 3335 591 3390 decumanus
604 3347 713 3399 taurum,
765 3340 1073 3409 quiareddarrrsequitur3
1087 3340 1270 3395 Mitscherlieh.

205 3425 354 3467 monstrum
368 3415 498 3480 immane,
511 3415 651 3483 protrusit,
663 3434 716 3483 quo
764 3415 894 3470 revocavit
903 3419 1061 3480 reddiderat,
1075 3418 1146 3487 quod
1158 3438 1217 3472 sane
1230 3438 1272 3472 re·

206 3493 262 3546 riso
270 3493 563 3562 consternatisuntequi
572 3533 579 3560 ,
589 3494 715 3562 aurigam·
764 3494 827 3564 liqui
839 3514 933 3548 omues
948 3506 1063 3550 tuentur.
1075 3525 1108 3536 —
1119 3499 1266 3559 Coronides,

207 3591 258 3642 que
271 3592 350 3624 suum
369 3591 448 3625 curru
465 3592 601 3626 excussum
618 3592 715 3642 rapue-
764 3572 944 3643 AEseulapius,
962 3573 1091 3644 Apollinis
1105 3587 1132 3629 et
1143 3579 1270 3630 Coronidis

206 3661 287 3716 runt,
300 3649 418 3718 raptique
431 3651 550 3704 membra
566 3649 632 3703 soede
647 3651 716 3704 lace·
764 3648 847 3712 tilius3
858 3651 886 3704 ll
896 3650 1007 3706 Metam.
1017 3653 1063 3704 531
1077 3693 1085 3720 ,
1099 3654 1149 3706 626
1159 3674 1212 3724 sqq.

206 3731 716 3800 meunt-VersusNouimpurre...aquas
798 3732 922 3800 751-752.
941 3731 1001 3784 Hoc
1017 3749 1125 3802 quoque
1143 3732 1270 3788 distichon

209 3810 300 3864 Heius.
310 3807 715 3879 spuriosiudicat,respuitetiam
765 3807 891 3861 Heinsius
903 3806 1045 3861 delendum
1060 3813 1197 3878 censebat,
1211 3812 1271 3880 quia

208 3889 383 3941 Taubnerus:
403 3884 447 3938 sed
466 3886 592 3939 Heinsius
604 3886 632 3939 in
644 3885 715 3957 Opp.
762 3905 853 3939 sensus
869 3885 929 3939 inde
947 3889 1106 3944 commodus
1118 3909 1172 3944 non
1187 3901 1271 3960 posset

208 3986 264 4037 pag.
279 3968 344 4033 238,
356 3963 487 4026 defendit,
499 3967 561 4034 quia
578 3964 608 4017 iis
625 3965 716 4020 deletis
762 3965 819 4019 elici
831 3987 837 4030 ;
849 3967 931 4019 immo
941 3978 1027 4035 potest
1037 3988 1044 4022 z
1056 3974 1172 4025 Glaucus
1182 3971 1269 4036 enim,

208 4045 287 4099 nimis
300 4046 411 4115 abrupta
421 4042 490 4099 toret
503 4044 625 4100 narrato.
638 4043 715 4098 tteu-
764 4043 864 4100 Minois
874 4045 959 4112 filius,
971 4046 999 4100 in
1010 4046 1111 4102 dolium
1124 4049 1202 4103 melle
1214 4049 1269 4118 ple·
