2692 4672
217 336 284 421 eea
602 329 881 399 excursus

216 476 442 573 Archetypum
453 470 555 570 bujne
565 473 692 573 operis,
705 470 962 572 pluribus-certe
974 494 1014 543 ex
1026 496 1084 558 eo,
1097 469 1194 571 qnod
1206 471 1275 547 iude

215 595 389 697 descripsit
403 593 533 669 Volfius
546 595 587 667 V.
602 594 639 668 C.
654 595 690 666 in
705 594 884 681 Suetonio,
904 609 984 667 tom.
1000 594 1071 681 lll,
1090 595 1183 681 noti,
1202 623 1276 696 pro·

214 721 277 795 diit
292 723 407 794 Romae
427 743 518 819 1779
539 725 561 790 ¹.
581 717 720 804 llilasti
738 746 757 790 a
773 717 890 790 Verrio
906 715 1043 802 Flacco,
1063 714 1274 791 celeberrimo

213 842 272 916 illo
289 840 525 939 grammatico,
549 840 643 939 cnjus
662 838 788 914 librum
807 836 849 914 de
863 838 1043 914 rerbomm
1063 839 1274 935 significatio

211 968 312 1042 nibus
327 969 444 1040 Festus
457 965 493 1037 in
506 962 741 1066 compendium
755 961 898 1058 redegit,
915 979 949 1037 et
956 962 1106 1058 Augusti
1119 981 1275 1066 nepotum

211 1090 389 1185 magistro,
416 1086 590 1161 duodecim
613 1085 738 1160 tabulis
758 1086 966 1174 marmoreis,
991 1114 1134 1187 quarum
1150 1086 1275 1184 singula

210 1242 314 1288 unum
330 1237 474 1285 mensem
493 1207 811 1311 comprehendebat,
831 1207 927 1282 incisi
946 1225 985 1282 et
1002 1208 1037 1281 in
1054 1210 1132 1284 loro
1149 1210 1273 1286 Praene·

209 1336 299 1409 utino
316 1332 403 1432 (nbi
416 1358 505 1406 nunc
518 1329 726 1429 Palestrina)
744 1331 781 1404 iu
798 1348 979 1432 conspectu
993 1331 1115 1407 domus
1125 1333 1273 1408 Caeaaree

210 1461 247 1532 in
260 1455 442 1557 hemicyclo
455 1455 616 1558 expositi,
633 1455 701 1554 jam
712 1455 909 1528 auctoribus
917 1455 1115 1543 excitantur.
1129 1456 1225 1532 Suet.
1240 1458 1273 1532 de

209 1579 330 1654 illustr.
350 1594 520 1674 grammat.
540 1605 612 1678 cap.
637 1603 698 1677 173
717 1575 867 1652 Macrob.
886 1579 920 1665 l,
944 1603 1004 1666 ιο,
1020 1605 1099 1678 pag.
1123 1578 1192 1680 196
1208 1609 1218 1653 ε
1234 1578 1270 1652 cl.

211 1701 365 1777 Verrium
383 1698 473 1772 add.
493 1700 631 1772 21Dec.
651 1699 802 1774 Macrob.
822 1700 941 1787 I,x11,
960 1727 1036 1801 pag.
1055 1726 1147 1802 ²⁰93
1164 1703 1272 1776 conler

210 1823 364 1900 Verrium
375 1823 420 1897 ad
433 1822 467 1896 d.
491 1847 505 1893 1
526 1823 609 1923 Apr.
625 1823 688 1896 ubi
706 1826 810 1898 Maur.
832 1823 932 1898 verba
943 1823 1056 1897 Verrii
1077 1813 1195 1900 minus
1208 1855 1271 1927 pu·

211 1949 283 2024 dicu
299 1947 364 2022 sibi
379 1947 449 2023 visa
464 1947 597 2038 reticet;
614 1964 647 2020 ct
664 1947 762 2022 ovid.
782 1948 818 2021 in
834 1949 922 2022 Faet.
939 1949 1009 2037 ll,
1025 1947 1096 2023 62:

344 2120 446 2190 inspice
459 2138 525 2190 quos
536 2118 631 2174 heheu
643 2120 783 2174 nemoralis
797 2120 884 2176 Aricia
898 2120 993 2185 taes,

393 2209 428 2264 Et
442 2211 554 2281 populor
567 2209 702 2278 laumas,
715 2211 915 2281 Lanuviumque
927 2230 1035 2276 meum

344 2297 393 2353 Eat
404 2300 456 2354 illic
467 2300 564 2354 mensis
575 2301 712 2354 Junouius
725 2320 733 2353 ι
746 2301 843 2370 inspice
856 2302 941 2355 Tibur

391 2387 427 2443 Et
440 2390 597 2444 Ptere'ste're
608 2378 701 2444 mairia
708 2409 785 2444 sacra
794 2392 871 2454 Dee,

210 2529 251 2601 ad
269 2557 365 2628 quem
383 2526 492 2601 locum
511 2526 640 2637 egregie
656 2527 837 2630 Neapolis,
861 2557 897 2603 se
913 2558 1028 2614 eorum
1046 2533 1204 2634 opinioni
1221 2533 1273 2636 qni

208 2651 302 2726 saetis
320 2649 518 2752 Capitolinis
542 2642 685 2725 inventis
707 2651 858 2755 Suetonii
881 2651 991 2727 locum
1015 2681 1056 2728 eo
1080 2657 1271 2743 trahebant,

209 2800 356 2872 unquam
380 2767 541 2845 calculum
567 2744 758 2877 additurum
780 2791 888 2870 negat.
914 2776 1071 2873 Quatnor
1093 2780 1271 2866 mensium,

208 2892 379 2979 Januarii,
403 2893 540 2982 Martii,
565 2880 690 2994 Aprilis
712 2913 744 2967 et
766 2896 958 2970 Decembris
978 2897 1157 2995 fragmenta
1180 2928 1273 2974 nunc

207 3030 315 3100 eruta,
334 3031 368 3086 et
385 3013 508 3116 quippe
525 3033 686 3089 vetustate
705 3034 737 3089 et
754 3016 850 3092 ruina
862 3019 1005 3092 maxime
1020 3021 1136 3096 adrosa
1149 3039 1186 3097 et
1197 3051 1273 3125 per·

207 3136 328 3222 fracta,
347 3134 405 3207 sed
421 3135 576 3231 Fogginii
592 3164 707 3236 opera,
728 3139 837 3238 quoad
854 3139 1087 3241 beripoterat,
1107 3144 1269 3243 ordinata,

208 3245 379 3358 suppleta,
397 3275 429 3330 et
447 3254 556 3361 amplo
569 3261 807 3334 commentario
825 3260 1001 3353 illustrata,
1022 3265 1068 3339 ob
1087 3268 1269 3363 egregium,

207 3380 265 3480 qui
280 3381 321 3453 iis
338 3382 372 3454 in
388 3381 512 3456 Ouidio
529 3380 723 3482 explicando
740 3412 820 3458 usus
836 3401 899 3472 est,
918 3384 958 3459 eo
974 3388 1081 3487 majus
1099 3391 1206 3491 operis
1219 3391 1271 3465 in·

207 3502 291 3597 tegri
306 3503 504 3577 desiderium
519 3504 680 3602 injiciunt.
698 3507 798 3602 Agite
814 3506 927 3602 igitur,
946 3509 1097 3609 quedam
1109 3512 1183 3587 loca
1197 3544 1270 3616 per·

237 3670 247 3700 ¹
265 3667 404 3721 Fastorum
418 3671 481 3724 anni
495 3673 599 3724 romani
614 3691 628 3724 a
641 3673 713 3725 Ver·
759 3685 847 3742 stant,
865 3695 895 3730 ac
908 3676 968 3730 fasti
986 3681 1093 3734 romani
1107 3681 1268 3753 angulorum

203 3745 244 3800 rio
252 3744 346 3798 Flacco
357 3747 540 3801 ordinatorum
553 3746 668 3817 reliquie
681 3771 712 3803 ex
759 3754 892 3807 mensium
909 3773 940 3807 cx
952 3755 1079 3811 hactenus
1093 3761 1202 3829 repertis
1216 3762 1268 3814 ka-

203 3840 414 3877 marmorearum
424 3824 571 3879 tabularum
580 3826 712 3896 fragmen-
759 3829 883 3885 lendariis
893 3835 1047 3887 marmoreis
1057 3835 1130 3890 inter
1138 3837 1267 3892 recollatis

202 3905 235 3957 tis
247 3905 379 3958 Praenestc
391 3922 477 3973 nuper
487 3904 588 3959 effossis
596 3907 711 3962 collecta
758 3911 887 3978 expressi,
903 3931 967 3967 cura
986 3925 1014 3967 et
1032 3917 1122 3971 studio
1139 3919 1168 3972 P.
1188 3919 1217 3973 F.
1234 3921 1266 3973 F.

202 3991 228 4033 et
237 3981 376 4034 illustrate.
387 3980 523 4035 Accedunt
532 3983 710 4039 VerriiFlacci
759 3989 770 4053 (
777 3987 918 4058 Fogginii)
929 3991 1022 4047 Rome
1035 4013 1106 4049 anno
1119 4017 1189 4072 1779
1201 3999 1265 4057 11oe

203 4058 345 4129 Operoml
346 4072 480 4131 tegmenta
488 4062 594 4132 omnia,
605 4081 662 4141 quic
668 4082 709 4121 ex·
756 4067 846 4122 omnia
857 4067 999 4139 diligenter
1008 4074 1152 4144 perpende.
