<?xml version="1.0" encoding="UTF-8"?>
<!DOCTYPE html PUBLIC "-//W3C//DTD XHTML 1.0 Transitional//EN"
    "http://www.w3.org/TR/xhtml1/DTD/xhtml1-transitional.dtd">
<html xmlns="http://www.w3.org/1999/xhtml" xml:lang="en" lang="en">
 <head>
  <title>
</title>
<meta http-equiv="Content-Type" content="text/html;charset=utf-8" />
  <meta name='ocr-system' content='tesseract 3.04.00' />
  <meta name='ocr-capabilities' content='ocr_page ocr_carea ocr_par ocr_line ocrx_word'/>
</head>
<body>
  <div class='ocr_page' id='page_1' title='image "./publiiovidiinas08massgoog/publiiovidiinas08massgoog_0519.png"; bbox 0 0 2692 4672; ppageno 0'>
   <div class='ocr_carea' id='block_1_1' title="bbox 191 324 859 410">
    <p class='ocr_par' dir='ltr' id='par_1_1' title="bbox 191 324 859 410">
     <span class='ocr_line' id='line_1_1' title="bbox 191 324 859 410; baseline -0.01 0"><span class='ocrx_word' id='word_1_1' title='bbox 191 324 259 410; x_wconf 67' lang='grc' dir='ltr'><em>Μ</em></span> <span class='ocrx_word' id='word_1_2' title='bbox 584 332 859 404; x_wconf 74' lang='lat' dir='ltr'><strong>excursus</strong></span> 
     </span>
    </p>
   </div>
   <div class='ocr_carea' id='block_1_2' title="bbox 181 457 1250 1949">
    <p class='ocr_par' dir='ltr' id='par_1_2' title="bbox 181 457 1250 1949">
     <span class='ocr_line' id='line_1_2' title="bbox 189 457 1250 572; baseline 0.021 -41"><span class='ocrx_word' id='word_1_3' title='bbox 189 457 230 535; x_wconf 93' lang='lat' dir='ltr'><strong>de</strong></span> <span class='ocrx_word' id='word_1_4' title='bbox 245 489 357 548; x_wconf 85' lang='lat' dir='ltr'><strong>servo,</strong></span> <span class='ocrx_word' id='word_1_5' title='bbox 375 479 413 535; x_wconf 90' lang='lat' dir='ltr'><strong>ut</strong></span> <span class='ocrx_word' id='word_1_6' title='bbox 439 490 534 564; x_wconf 77' lang='lat' dir='ltr'><strong>sape.</strong></span> <span class='ocrx_word' id='word_1_7' title='bbox 560 465 689 542; x_wconf 82' lang='lat' dir='ltr'><strong>Fabam</strong></span> <span class='ocrx_word' id='word_1_8' title='bbox 706 469 807 564; x_wconf 80' lang='lat' dir='ltr'><strong>igitur</strong></span> <span class='ocrx_word' id='word_1_9' title='bbox 828 468 1020 572; x_wconf 84' lang='lat' dir='ltr'><strong>prosodiam·</strong></span> <span class='ocrx_word' id='word_1_10' title='bbox 1040 473 1190 552; x_wconf 78' lang='lat' dir='ltr'>arbitror</span> <span class='ocrx_word' id='word_1_11' title='bbox 1214 480 1250 552; x_wconf 91' lang='lat' dir='ltr'><strong>in</strong></span> 
     </span>
     <span class='ocr_line' id='line_1_3' title="bbox 187 574 1249 680; baseline 0.02 -32"><span class='ocrx_word' id='word_1_12' title='bbox 187 574 297 675; x_wconf 83' lang='lat' dir='ltr'><strong>Priap.</strong></span> <span class='ocrx_word' id='word_1_13' title='bbox 315 576 399 662; x_wconf 83' lang='lat' dir='ltr'><strong>LII,</strong></span> <span class='ocrx_word' id='word_1_14' title='bbox 425 574 459 650; x_wconf 88' lang='lat'><strong>3.</strong></span> <span class='ocrx_word' id='word_1_15' title='bbox 476 579 551 653; x_wconf 86' lang='lat' dir='ltr'><strong>Jam</strong></span> <span class='ocrx_word' id='word_1_16' title='bbox 567 582 709 680; x_wconf 87' lang='lat' dir='ltr'><strong>primurn</strong></span> <span class='ocrx_word' id='word_1_17' title='bbox 729 587 842 659; x_wconf 70' lang='lat' dir='ltr'><strong>staitdr</strong></span> <span class='ocrx_word' id='word_1_18' title='bbox 863 586 918 659; x_wconf 90' lang='lat' dir='ltr'><strong>hie</strong></span> <span class='ocrx_word' id='word_1_19' title='bbox 933 585 1159 680; x_wconf 87' lang='lat' dir='ltr'><strong>libidinosus,</strong></span> <span class='ocrx_word' id='word_1_20' title='bbox 1188 595 1249 668; x_wconf 93' lang='lat' dir='ltr'><strong>ubi</strong></span> 
     </span>
     <span class='ocr_line' id='line_1_4' title="bbox 187 694 1249 801; baseline 0.012 -34"><span class='ocrx_word' id='word_1_21' title='bbox 187 710 293 767; x_wconf 88' lang='lat' dir='ltr'><strong>stator</strong></span> <span class='ocrx_word' id='word_1_22' title='bbox 303 721 373 768; x_wconf 89' lang='lat' dir='ltr'><strong>esse</strong></span> <span class='ocrx_word' id='word_1_23' title='bbox 386 694 519 770; x_wconf 80' lang='lat' dir='ltr'><strong>deberet</strong></span> <span class='ocrx_word' id='word_1_24' title='bbox 530 696 670 797; x_wconf 84' lang='lat' dir='ltr'>Priapus</span> <span class='ocrx_word' id='word_1_25' title='bbox 685 697 829 785; x_wconf 78' lang='lat' dir='ltr'><strong>adstans,</strong></span> <span class='ocrx_word' id='word_1_26' title='bbox 848 729 933 789; x_wconf 90' lang='lat' dir='ltr'><strong>non,</strong></span> <span class='ocrx_word' id='word_1_27' title='bbox 951 701 1006 801; x_wconf 77' lang='lat' dir='ltr'><strong>qui</strong></span> <span class='ocrx_word' id='word_1_28' title='bbox 1015 702 1249 781; x_wconf 77' lang='lat' dir='ltr'><strong>sistis-Ana-</strong></span> 
     </span>
     <span class='ocr_line' id='line_1_5' title="bbox 186 811 1248 919; baseline 0.01 -30"><span class='ocrx_word' id='word_1_29' title='bbox 186 811 279 911; x_wconf 73' lang='lat' dir='ltr'><strong>logie</strong></span> <span class='ocrx_word' id='word_1_30' title='bbox 305 840 402 887; x_wconf 85' lang='lat' dir='ltr'><strong>causa</strong></span> <span class='ocrx_word' id='word_1_31' title='bbox 423 812 464 886; x_wconf 83' lang='lat' dir='ltr'><strong>cf.</strong></span> <span class='ocrx_word' id='word_1_32' title='bbox 492 829 555 886; x_wconf 82' lang='lat' dir='ltr'><strong>act</strong></span> <span class='ocrx_word' id='word_1_33' title='bbox 577 812 725 913; x_wconf 65' lang='lat' dir='ltr'><strong>pendere</strong></span> <span class='ocrx_word' id='word_1_34' title='bbox 754 813 913 914; x_wconf 64' lang='lat' dir='ltr'><strong>(tntu)</strong></span> <span class='ocrx_word' id='word_1_35' title='bbox 940 816 975 890; x_wconf 91' lang='lat' dir='ltr'><strong>in</strong></span> <span class='ocrx_word' id='word_1_36' title='bbox 996 821 1107 919; x_wconf 85' lang='lat' dir='ltr'><strong>speeie</strong></span> <span class='ocrx_word' id='word_1_37' title='bbox 1128 820 1248 900; x_wconf 86' lang='lat' dir='ltr'><strong>libram</strong></span> 
     </span>
     <span class='ocr_line' id='line_1_6' title="bbox 186 925 1248 1033; baseline 0.009 -30"><span class='ocrx_word' id='word_1_38' title='bbox 186 926 407 1029; x_wconf 78' lang='lat' dir='ltr'><strong>suspendere,</strong></span> <span class='ocrx_word' id='word_1_39' title='bbox 431 925 506 998; x_wconf 87' lang='lat' dir='ltr'><strong>inde</strong></span> <span class='ocrx_word' id='word_1_40' title='bbox 521 926 641 1000; x_wconf 76' lang='lat' dir='ltr'><strong>solvere.</strong></span> <span class='ocrx_word' id='word_1_41' title='bbox 661 925 739 1000; x_wconf 85' lang='lat' dir='ltr'><strong>med.</strong></span> <span class='ocrx_word' id='word_1_42' title='bbox 767 929 929 1029; x_wconf 65' lang='lat' dir='ltr'><strong>pendere,</strong></span> <span class='ocrx_word' id='word_1_43' title='bbox 952 958 1153 1033; x_wconf 87' lang='lat' dir='ltr'><strong>suspensum</strong></span> <span class='ocrx_word' id='word_1_44' title='bbox 1178 964 1248 1013; x_wconf 85' lang='lat' dir='ltr'><strong>esse</strong></span> 
     </span>
     <span class='ocr_line' id='line_1_7' title="bbox 186 1044 1246 1157; baseline 0.01 -38"><span class='ocrx_word' id='word_1_45' title='bbox 186 1048 361 1151; x_wconf 71' lang='lat' dir='ltr'><strong>(dingen).</strong></span> <span class='ocrx_word' id='word_1_46' title='bbox 385 1087 424 1101; x_wconf 96' lang='lat'>-</span> <span class='ocrx_word' id='word_1_47' title='bbox 443 1046 521 1119; x_wconf 83' lang='lat' dir='ltr'><strong>Act.</strong></span> <span class='ocrx_word' id='word_1_48' title='bbox 532 1044 638 1144; x_wconf 69' lang='lat' dir='ltr'><strong>liscio,</strong></span> <span class='ocrx_word' id='word_1_49' title='bbox 663 1045 748 1119; x_wconf 88' lang='lat' dir='ltr'><strong>med.</strong></span> <span class='ocrx_word' id='word_1_50' title='bbox 767 1049 873 1146; x_wconf 69' lang='lat' dir='ltr'><strong>linceo,</strong></span> <span class='ocrx_word' id='word_1_51' title='bbox 889 1048 994 1147; x_wconf 88' lang='lat' dir='ltr'><strong>jactus</strong></span> <span class='ocrx_word' id='word_1_52' title='bbox 1011 1079 1086 1126; x_wconf 91' lang='lat' dir='ltr'><strong>surn</strong></span> <span class='ocrx_word' id='word_1_53' title='bbox 1103 1054 1246 1157; x_wconf 62' lang='lat' dir='ltr'><strong>(degeo)</strong></span> 
     </span>
     <span class='ocr_line' id='line_1_8' title="bbox 185 1158 1246 1266; baseline 0.004 -27"><span class='ocrx_word' id='word_1_54' title='bbox 185 1182 246 1239; x_wconf 90' lang='lat' dir='ltr'><strong>aet.</strong></span> <span class='ocrx_word' id='word_1_55' title='bbox 265 1161 404 1263; x_wconf 63' lang='lat' dir='ltr'><strong>parere,</strong></span> <span class='ocrx_word' id='word_1_56' title='bbox 422 1158 603 1259; x_wconf 87' lang='lat' dir='ltr'><strong>producere</strong></span> <span class='ocrx_word' id='word_1_57' title='bbox 621 1158 830 1259; x_wconf 70' lang='lat' dir='ltr'><strong>(eruugcn),</strong></span> <span class='ocrx_word' id='word_1_58' title='bbox 846 1173 977 1262; x_wconf 69' lang='lat' dir='ltr'><strong>parere,</strong></span> <span class='ocrx_word' id='word_1_59' title='bbox 991 1166 1150 1264; x_wconf 84' lang='lat' dir='ltr'>produci,</span> <span class='ocrx_word' id='word_1_60' title='bbox 1171 1170 1246 1266; x_wconf 86' lang='lat' dir='ltr'><strong>(er-</strong></span> 
     </span>
     <span class='ocr_line' id='line_1_9' title="bbox 182 1274 1247 1379; baseline 0.006 -25"><span class='ocrx_word' id='word_1_61' title='bbox 182 1279 318 1354; x_wconf 80' lang='lat' dir='ltr'><strong>scheinen</strong></span> <span class='ocrx_word' id='word_1_62' title='bbox 328 1278 354 1375; x_wconf 92' lang='lat'><strong>).</strong></span> <span class='ocrx_word' id='word_1_63' title='bbox 372 1277 500 1350; x_wconf 86' lang='lat' dir='ltr'><strong>Eodem</strong></span> <span class='ocrx_word' id='word_1_64' title='bbox 508 1274 608 1349; x_wconf 89' lang='lat' dir='ltr'><strong>modo</strong></span> <span class='ocrx_word' id='word_1_65' title='bbox 625 1274 729 1350; x_wconf 74' lang='lat' dir='ltr'><strong>l‘rraeci</strong></span> <span class='ocrx_word' id='word_1_66' title='bbox 742 1334 752 1365; x_wconf 92' lang='lat'><strong>,</strong></span> <span class='ocrx_word' id='word_1_67' title='bbox 767 1278 828 1352; x_wconf 90' lang='lat' dir='ltr'><strong>nbi</strong></span> <span class='ocrx_word' id='word_1_68' title='bbox 838 1276 963 1379; x_wconf 78' lang='lat' dir='ltr'><strong>duplex</strong></span> <span class='ocrx_word' id='word_1_69' title='bbox 979 1281 1079 1356; x_wconf 80' lang='lat' dir='ltr'><strong>forma</strong></span> <span class='ocrx_word' id='word_1_70' title='bbox 1094 1303 1172 1373; x_wconf 88' lang='lat' dir='ltr'><strong>est,</strong></span> <span class='ocrx_word' id='word_1_71' title='bbox 1193 1287 1247 1360; x_wconf 87' lang='lat' dir='ltr'><strong>al-</strong></span> 
     </span>
     <span class='ocr_line' id='line_1_10' title="bbox 183 1388 1243 1493; baseline 0.008 -27"><span class='ocrx_word' id='word_1_72' title='bbox 183 1413 251 1470; x_wconf 82' lang='lat' dir='ltr'><strong>tera</strong></span> <span class='ocrx_word' id='word_1_73' title='bbox 269 1392 456 1476; x_wconf 82' lang='lat' dir='ltr'><strong>transitiva,</strong></span> <span class='ocrx_word' id='word_1_74' title='bbox 480 1388 580 1465; x_wconf 84' lang='lat' dir='ltr'><strong>altera</strong></span> <span class='ocrx_word' id='word_1_75' title='bbox 601 1390 762 1466; x_wconf 84' lang='lat' dir='ltr'><strong>intransit</strong></span> <span class='ocrx_word' id='word_1_76' title='bbox 785 1394 942 1492; x_wconf 83' lang='lat' dir='ltr'><strong>prosodia</strong></span> <span class='ocrx_word' id='word_1_77' title='bbox 959 1393 1020 1470; x_wconf 85' lang='lat' dir='ltr'><strong>bas</strong></span> <span class='ocrx_word' id='word_1_78' title='bbox 1039 1396 1243 1493; x_wconf 77' lang='lat' dir='ltr'><strong>distinguere</strong></span> 
     </span>
     <span class='ocr_line' id='line_1_11' title="bbox 184 1507 1241 1610; baseline 0.005 -25"><span class='ocrx_word' id='word_1_79' title='bbox 184 1509 315 1585; x_wconf 89' lang='lat' dir='ltr'><strong>solent:</strong></span> <span class='ocrx_word' id='word_1_80' title='bbox 330 1538 360 1581; x_wconf 82' lang='lat' dir='ltr'><strong>v.</strong></span> <span class='ocrx_word' id='word_1_81' title='bbox 388 1537 415 1582; x_wconf 91' lang='lat' dir='ltr'><strong>c.</strong></span> <span class='ocrx_word' id='word_1_82' title='bbox 437 1520 553 1607; x_wconf 72' lang='lat' dir='ltr'><strong>repeton</strong></span> <span class='ocrx_word' id='word_1_83' title='bbox 570 1507 698 1581; x_wconf 79' lang='lat' dir='ltr'><strong>transit</strong></span> <span class='ocrx_word' id='word_1_84' title='bbox 725 1510 773 1607; x_wconf 84' lang='grc' dir='ltr'><strong>(α</strong></span> <span class='ocrx_word' id='word_1_85' title='bbox 787 1510 901 1610; x_wconf 87' lang='lat' dir='ltr'><strong>brev.)</strong></span> <span class='ocrx_word' id='word_1_86' title='bbox 925 1527 1010 1585; x_wconf 77' lang='lat' dir='ltr'><strong>trans</strong></span> <span class='ocrx_word' id='word_1_87' title='bbox 1028 1540 1113 1587; x_wconf 74' lang='lat' dir='ltr'><strong>neure</strong></span> <span class='ocrx_word' id='word_1_88' title='bbox 1139 1515 1241 1604; x_wconf 85' lang='lat' dir='ltr'><strong>duco,</strong></span> 
     </span>
     <span class='ocr_line' id='line_1_12' title="bbox 181 1622 1245 1725; baseline 0.006 -24"><span class='ocrx_word' id='word_1_89' title='bbox 181 1622 283 1701; x_wconf 80' lang='lat' dir='ltr'><strong>vendo</strong></span> <span class='ocrx_word' id='word_1_90' title='bbox 295 1624 404 1721; x_wconf 87' lang='lat' dir='ltr'><strong>(unde</strong></span> <span class='ocrx_word' id='word_1_91' title='bbox 421 1636 596 1723; x_wconf 67' lang='lat' dir='ltr'><strong>usurpatorem)</strong></span> <span class='ocrx_word' id='word_1_92' title='bbox 612 1638 746 1724; x_wconf 75' lang='grc' dir='ltr'>περάσω,</span> <span class='ocrx_word' id='word_1_93' title='bbox 762 1625 898 1702; x_wconf 85' lang='lat' dir='ltr'><strong>intrans.</strong></span> <span class='ocrx_word' id='word_1_94' title='bbox 920 1629 964 1723; x_wconf 68' lang='lat' dir='ltr'><strong>(a</strong></span> <span class='ocrx_word' id='word_1_95' title='bbox 974 1628 1094 1725; x_wconf 83' lang='lat' dir='ltr'><strong>long.)</strong></span> <span class='ocrx_word' id='word_1_96' title='bbox 1110 1633 1245 1707; x_wconf 72' lang='lat' dir='ltr'><strong>transibo</strong></span> 
     </span>
     <span class='ocr_line' id='line_1_13' title="bbox 185 1738 1244 1843; baseline 0.008 -31"><span class='ocrx_word' id='word_1_97' title='bbox 185 1783 226 1797; x_wconf 90' lang='lat'><em>-</em></span> <span class='ocrx_word' id='word_1_98' title='bbox 240 1748 322 1839; x_wconf 75' lang='lat' dir='ltr'><strong>plo,</strong></span> <span class='ocrx_word' id='word_1_99' title='bbox 337 1750 408 1838; x_wconf 66' lang='lat' dir='ltr'><strong>pope</strong></span> <span class='ocrx_word' id='word_1_100' title='bbox 423 1781 464 1795; x_wconf 95' lang='lat'>-</span> <span class='ocrx_word' id='word_1_101' title='bbox 479 1738 558 1814; x_wconf 87' lang='lat' dir='ltr'><strong>alibi</strong></span> <span class='ocrx_word' id='word_1_102' title='bbox 576 1741 805 1843; x_wconf 91' lang='lat' dir='ltr'><strong>productiores</strong></span> <span class='ocrx_word' id='word_1_103' title='bbox 820 1742 931 1817; x_wconf 83' lang='lat' dir='ltr'><strong>sormae</strong></span> <span class='ocrx_word' id='word_1_104' title='bbox 946 1744 1084 1819; x_wconf 88' lang='lat' dir='ltr'><strong>intrans.</strong></span> <span class='ocrx_word' id='word_1_105' title='bbox 1104 1748 1175 1821; x_wconf 79' lang='grc' dir='ltr'><strong><em>ἆσαι</em></strong></span> <span class='ocrx_word' id='word_1_106' title='bbox 1193 1774 1244 1821; x_wconf 86' lang='lat' dir='ltr'><strong>sa-</strong></span> 
     </span>
     <span class='ocr_line' id='line_1_14' title="bbox 183 1858 841 1949; baseline -0.006 -14"><span class='ocrx_word' id='word_1_107' title='bbox 183 1860 281 1949; x_wconf 85' lang='lat' dir='ltr'><strong>tiare,</strong></span> <span class='ocrx_word' id='word_1_108' title='bbox 300 1863 405 1937; x_wconf 68' lang='grc' dir='ltr'><strong><em>ἀδῆσαι</em></strong></span> <span class='ocrx_word' id='word_1_109' title='bbox 424 1858 577 1932; x_wconf 86' lang='lat' dir='ltr'><strong>satiatum</strong></span> <span class='ocrx_word' id='word_1_110' title='bbox 592 1885 684 1947; x_wconf 88' lang='lat' dir='ltr'><strong>esse,</strong></span> <span class='ocrx_word' id='word_1_111' title='bbox 703 1875 764 1933; x_wconf 88' lang='lat' dir='ltr'><strong>ete.</strong></span> <span class='ocrx_word' id='word_1_112' title='bbox 781 1877 841 1933; x_wconf 89' lang='lat' dir='ltr'><strong>etc.</strong></span> 
     </span>
    </p>
   </div>
   <div class='ocr_carea' id='block_1_3' title="bbox 231 1975 1242 2080">
    <p class='ocr_par' dir='ltr' id='par_1_3' title="bbox 231 1975 1242 2080">
     <span class='ocr_line' id='line_1_15' title="bbox 231 1975 1242 2080; baseline 0.007 -30"><span class='ocrx_word' id='word_1_113' title='bbox 231 1977 280 2050; x_wconf 85' lang='lat'><strong>3⁰.</strong></span> <span class='ocrx_word' id='word_1_114' title='bbox 296 1980 333 2066; x_wconf 92' lang='lat' dir='ltr'><strong>l,</strong></span> <span class='ocrx_word' id='word_1_115' title='bbox 355 1976 446 2065; x_wconf 86' lang='lat'><strong>525,</strong></span> <span class='ocrx_word' id='word_1_116' title='bbox 464 1976 524 2049; x_wconf 92' lang='lat' dir='ltr'><strong>ubi</strong></span> <span class='ocrx_word' id='word_1_117' title='bbox 543 1976 717 2051; x_wconf 87' lang='lat' dir='ltr'><strong>Carmenta</strong></span> <span class='ocrx_word' id='word_1_118' title='bbox 732 1975 864 2051; x_wconf 82' lang='lat' dir='ltr'><strong>fatidica</strong></span> <span class='ocrx_word' id='word_1_119' title='bbox 881 1975 923 2049; x_wconf 91' lang='lat' dir='ltr'><strong>de</strong></span> <span class='ocrx_word' id='word_1_120' title='bbox 940 1979 1062 2066; x_wconf 88' lang='lat' dir='ltr'><strong>Roma,</strong></span> <span class='ocrx_word' id='word_1_121' title='bbox 1081 2006 1121 2053; x_wconf 84' lang='lat' dir='ltr'><strong>ux</strong></span> <span class='ocrx_word' id='word_1_122' title='bbox 1136 1982 1242 2080; x_wconf 73' lang='lat' dir='ltr'><strong>&#39;froja</strong></span> 
     </span>
    </p>
   </div>
   <div class='ocr_carea' id='block_1_4' title="bbox 181 2090 1098 2193">
    <p class='ocr_par' dir='ltr' id='par_1_4' title="bbox 181 2090 1098 2193">
     <span class='ocr_line' id='line_1_16' title="bbox 181 2090 1098 2193; baseline -0.001 -22"><span class='ocrx_word' id='word_1_123' title='bbox 181 2124 296 2171; x_wconf 77' lang='lat' dir='ltr'><strong>eversa</strong></span> <span class='ocrx_word' id='word_1_124' title='bbox 312 2094 418 2167; x_wconf 85' lang='lat' dir='ltr'><strong>cinere</strong></span> <span class='ocrx_word' id='word_1_125' title='bbox 435 2090 638 2193; x_wconf 88' lang='lat' dir='ltr'><strong>splendidius</strong></span> <span class='ocrx_word' id='word_1_126' title='bbox 655 2110 892 2183; x_wconf 78' lang='lat' dir='ltr'><strong>resurrectura,</strong></span> <span class='ocrx_word' id='word_1_127' title='bbox 914 2093 1098 2170; x_wconf 84' lang='lat' dir='ltr'><strong>exclamat:</strong></span> 
     </span>
    </p>
   </div>
   <div class='ocr_carea' id='block_1_5' title="bbox 309 2304 970 2450">
    <p class='ocr_par' dir='ltr' id='par_1_5' title="bbox 309 2304 970 2450">
     <span class='ocr_line' id='line_1_17' title="bbox 309 2304 949 2374; baseline 0 -14"><span class='ocrx_word' id='word_1_128' title='bbox 309 2306 388 2360; x_wconf 83' lang='lat' dir='ltr'><strong>Urite</strong></span> <span class='ocrx_word' id='word_1_129' title='bbox 400 2306 517 2360; x_wconf 76' lang='lat' dir='ltr'><strong>victrices</strong></span> <span class='ocrx_word' id='word_1_130' title='bbox 528 2305 660 2374; x_wconf 82' lang='lat' dir='ltr'><strong>Neptunia</strong></span> <span class='ocrx_word' id='word_1_131' title='bbox 672 2305 801 2374; x_wconf 71' lang='lat' dir='ltr'><strong>Pergama</strong></span> <span class='ocrx_word' id='word_1_132' title='bbox 814 2304 929 2360; x_wconf 66' lang='lat' dir='ltr'><strong>flamme</strong></span> <span class='ocrx_word' id='word_1_133' title='bbox 942 2326 949 2369; x_wconf 87' lang='grc'>;</span> 
     </span>
     <span class='ocr_line' id='line_1_18' title="bbox 357 2394 970 2450; baseline -0.007 0"><span class='ocrx_word' id='word_1_134' title='bbox 357 2397 431 2450; x_wconf 88' lang='lat' dir='ltr'><strong>Num</strong></span> <span class='ocrx_word' id='word_1_135' title='bbox 445 2396 533 2449; x_wconf 82' lang='lat' dir='ltr'><strong>minus</strong></span> <span class='ocrx_word' id='word_1_136' title='bbox 545 2394 588 2448; x_wconf 89' lang='lat' dir='ltr'><strong>hic</strong></span> <span class='ocrx_word' id='word_1_137' title='bbox 600 2406 656 2449; x_wconf 87' lang='lat' dir='ltr'><strong>toto</strong></span> <span class='ocrx_word' id='word_1_138' title='bbox 668 2405 708 2449; x_wconf 88' lang='lat' dir='ltr'><strong>est</strong></span> <span class='ocrx_word' id='word_1_139' title='bbox 719 2395 795 2448; x_wconf 84' lang='lat' dir='ltr'><strong>altior</strong></span> <span class='ocrx_word' id='word_1_140' title='bbox 806 2395 870 2449; x_wconf 87' lang='lat' dir='ltr'><strong>orbe</strong></span> <span class='ocrx_word' id='word_1_141' title='bbox 884 2394 970 2449; x_wconf 84' lang='lat' dir='ltr'><strong>cinis?</strong></span> 
     </span>
    </p>
   </div>
   <div class='ocr_carea' id='block_1_6' title="bbox 158 2563 1242 4174">
    <p class='ocr_par' dir='ltr' id='par_1_6' title="bbox 158 2563 1242 3598">
     <span class='ocr_line' id='line_1_19' title="bbox 180 2563 1242 2676; baseline -0.006 -26"><span class='ocrx_word' id='word_1_142' title='bbox 180 2569 335 2676; x_wconf 84' lang='lat' dir='ltr'><strong>explicari</strong></span> <span class='ocrx_word' id='word_1_143' title='bbox 360 2587 394 2643; x_wconf 88' lang='lat' dir='ltr'><strong>et</strong></span> <span class='ocrx_word' id='word_1_144' title='bbox 414 2567 508 2668; x_wconf 83' lang='lat' dir='ltr'><strong>jungi</strong></span> <span class='ocrx_word' id='word_1_145' title='bbox 526 2566 620 2638; x_wconf 85' lang='lat' dir='ltr'><strong>video</strong></span> <span class='ocrx_word' id='word_1_146' title='bbox 637 2594 644 2637; x_wconf 94' lang='lat'>:</span> <span class='ocrx_word' id='word_1_147' title='bbox 664 2593 737 2637; x_wconf 83' lang='lat' dir='ltr'><strong>num</strong></span> <span class='ocrx_word' id='word_1_148' title='bbox 752 2563 802 2636; x_wconf 78' lang='lat' dir='ltr'><strong>tic</strong></span> <span class='ocrx_word' id='word_1_149' title='bbox 818 2565 909 2659; x_wconf 84' lang='lat' dir='ltr'><strong>cinis,</strong></span> <span class='ocrx_word' id='word_1_150' title='bbox 931 2565 965 2638; x_wconf 93' lang='lat' dir='ltr'><strong>id</strong></span> <span class='ocrx_word' id='word_1_151' title='bbox 988 2583 1057 2653; x_wconf 89' lang='lat' dir='ltr'><strong>est,</strong></span> <span class='ocrx_word' id='word_1_152' title='bbox 1084 2568 1187 2668; x_wconf 82' lang='lat' dir='ltr'><strong>Troja</strong></span> <span class='ocrx_word' id='word_1_153' title='bbox 1207 2572 1242 2644; x_wconf 91' lang='lat' dir='ltr'><strong>in</strong></span> 
     </span>
     <span class='ocr_line' id='line_1_20' title="bbox 180 2681 1241 2785; baseline -0.005 -18"><span class='ocrx_word' id='word_1_154' title='bbox 180 2693 304 2767; x_wconf 89' lang='lat' dir='ltr'><strong>eineres</strong></span> <span class='ocrx_word' id='word_1_155' title='bbox 321 2687 469 2772; x_wconf 87' lang='lat' dir='ltr'><strong>redacta,</strong></span> <span class='ocrx_word' id='word_1_156' title='bbox 485 2683 577 2756; x_wconf 78' lang='lat' dir='ltr'><strong>altior</strong></span> <span class='ocrx_word' id='word_1_157' title='bbox 590 2697 654 2755; x_wconf 85' lang='lat' dir='ltr'><strong>toto</strong></span> <span class='ocrx_word' id='word_1_158' title='bbox 668 2681 738 2754; x_wconf 78' lang='lat' dir='ltr'><strong>orbe</strong></span> <span class='ocrx_word' id='word_1_159' title='bbox 753 2682 852 2755; x_wconf 74' lang='lat' dir='ltr'><strong>suiuus</strong></span> <span class='ocrx_word' id='word_1_160' title='bbox 869 2681 949 2783; x_wconf 90' lang='lat' dir='ltr'><strong>quid</strong></span> <span class='ocrx_word' id='word_1_161' title='bbox 966 2700 1032 2770; x_wconf 90' lang='lat' dir='ltr'><strong>est,</strong></span> <span class='ocrx_word' id='word_1_162' title='bbox 1050 2713 1151 2785; x_wconf 86' lang='lat' dir='ltr'><strong>quam</strong></span> <span class='ocrx_word' id='word_1_163' title='bbox 1164 2706 1241 2763; x_wconf 87' lang='lat' dir='ltr'><strong>ante</strong></span> 
     </span>
     <span class='ocr_line' id='line_1_21' title="bbox 177 2796 1236 2907; baseline -0.008 -24"><span class='ocrx_word' id='word_1_164' title='bbox 177 2806 277 2907; x_wconf 88' lang='lat' dir='ltr'><strong>Troja</strong></span> <span class='ocrx_word' id='word_1_165' title='bbox 297 2821 384 2891; x_wconf 86' lang='lat' dir='ltr'><strong>erat,</strong></span> <span class='ocrx_word' id='word_1_166' title='bbox 403 2801 505 2896; x_wconf 82' lang='lat' dir='ltr'><strong>igitur</strong></span> <span class='ocrx_word' id='word_1_167' title='bbox 526 2828 534 2872; x_wconf 76' lang='grc' dir='ltr'><strong><em>ε</em></strong></span> <span class='ocrx_word' id='word_1_168' title='bbox 561 2828 602 2872; x_wconf 84' lang='lat' dir='ltr'><strong>an</strong></span> <span class='ocrx_word' id='word_1_169' title='bbox 622 2796 722 2895; x_wconf 77' lang='lat' dir='ltr'><strong>&#39;froja</strong></span> <span class='ocrx_word' id='word_1_170' title='bbox 740 2796 893 2873; x_wconf 87' lang='lat' dir='ltr'><strong>incendio</strong></span> <span class='ocrx_word' id='word_1_171' title='bbox 908 2799 1081 2874; x_wconf 89' lang='lat' dir='ltr'><strong>imminuta</strong></span> <span class='ocrx_word' id='word_1_172' title='bbox 1105 2804 1180 2874; x_wconf 85' lang='lat' dir='ltr'><strong>est?</strong></span> <span class='ocrx_word' id='word_1_173' title='bbox 1196 2846 1236 2857; x_wconf 93' lang='lat'>—</span> 
     </span>
     <span class='ocr_line' id='line_1_22' title="bbox 176 2909 1238 3015; baseline -0.007 -20"><span class='ocrx_word' id='word_1_174' title='bbox 176 2924 298 2995; x_wconf 87' lang='lat' dir='ltr'><strong>Nonne</strong></span> <span class='ocrx_word' id='word_1_175' title='bbox 313 2916 360 2991; x_wconf 91' lang='lat' dir='ltr'><strong>ita</strong></span> <span class='ocrx_word' id='word_1_176' title='bbox 377 2941 493 2988; x_wconf 86' lang='lat' dir='ltr'><strong>sensus</strong></span> <span class='ocrx_word' id='word_1_177' title='bbox 510 2909 733 3015; x_wconf 84' lang='lat' dir='ltr'><strong>expediendus</strong></span> <span class='ocrx_word' id='word_1_178' title='bbox 750 2913 824 2985; x_wconf 86' lang='lat' dir='ltr'><strong>est?</strong></span> <span class='ocrx_word' id='word_1_179' title='bbox 836 2940 907 2984; x_wconf 83' lang='lat' dir='ltr'><strong>num</strong></span> <span class='ocrx_word' id='word_1_180' title='bbox 920 2914 1019 2987; x_wconf 72' lang='lat' dir='ltr'><strong>minio</strong></span> <span class='ocrx_word' id='word_1_181' title='bbox 1034 2931 1081 2987; x_wconf 84' lang='lat' dir='ltr'><strong>est</strong></span> <span class='ocrx_word' id='word_1_182' title='bbox 1093 2915 1238 2988; x_wconf 90' lang='lat' dir='ltr'><strong>interro-</strong></span> 
     </span>
     <span class='ocr_line' id='line_1_23' title="bbox 178 3027 1238 3134; baseline 0.009 -38"><span class='ocrx_word' id='word_1_183' title='bbox 178 3036 300 3134; x_wconf 62' lang='lat' dir='ltr'><strong>gative,</strong></span> <span class='ocrx_word' id='word_1_184' title='bbox 315 3050 355 3106; x_wconf 85' lang='lat' dir='ltr'><strong>ut</strong></span> <span class='ocrx_word' id='word_1_185' title='bbox 372 3028 502 3125; x_wconf 74' lang='lat' dir='ltr'><strong>gravior</strong></span> <span class='ocrx_word' id='word_1_186' title='bbox 519 3028 624 3102; x_wconf 89' lang='lat' dir='ltr'><strong>oratio</strong></span> <span class='ocrx_word' id='word_1_187' title='bbox 639 3027 768 3127; x_wconf 85' lang='lat' dir='ltr'><strong>poetica</strong></span> <span class='ocrx_word' id='word_1_188' title='bbox 781 3029 908 3128; x_wconf 87' lang='lat' dir='ltr'><strong>poscit,</strong></span> <span class='ocrx_word' id='word_1_189' title='bbox 922 3058 984 3130; x_wconf 91' lang='lat' dir='ltr'><strong>pro</strong></span> <span class='ocrx_word' id='word_1_190' title='bbox 996 3030 1159 3132; x_wconf 84' lang='lat' dir='ltr'><strong>pedestri:</strong></span> <span class='ocrx_word' id='word_1_191' title='bbox 1176 3062 1238 3106; x_wconf 77' lang='lat' dir='ltr'><strong>non</strong></span> 
     </span>
     <span class='ocr_line' id='line_1_24' title="bbox 158 3144 1236 3256; baseline -0.005 -29"><span class='ocrx_word' id='word_1_192' title='bbox 158 3155 292 3256; x_wconf 77' lang='lat' dir='ltr'><strong>⁰minus,</strong></span> <span class='ocrx_word' id='word_1_193' title='bbox 312 3147 520 3232; x_wconf 68' lang='lat' dir='ltr'><strong>nihilomiuus,</strong></span> <span class='ocrx_word' id='word_1_194' title='bbox 542 3160 683 3218; x_wconf 79' lang='lat' dir='ltr'><strong>ettamen.</strong></span> <span class='ocrx_word' id='word_1_195' title='bbox 705 3144 828 3220; x_wconf 88' lang='lat' dir='ltr'><strong>Sensus</strong></span> <span class='ocrx_word' id='word_1_196' title='bbox 845 3175 853 3217; x_wconf 77' lang='grc' dir='ltr'>ε</span> <span class='ocrx_word' id='word_1_197' title='bbox 869 3146 981 3234; x_wconf 89' lang='lat' dir='ltr'><strong>Urite,</strong></span> <span class='ocrx_word' id='word_1_198' title='bbox 999 3165 1061 3221; x_wconf 87' lang='lat' dir='ltr'><strong>ete.</strong></span> <span class='ocrx_word' id='word_1_199' title='bbox 1079 3149 1236 3222; x_wconf 77' lang='lat' dir='ltr'><strong>Attamen</strong></span> 
     </span>
     <span class='ocr_line' id='line_1_25' title="bbox 174 3258 1234 3361; baseline -0.007 -19"><span class='ocrx_word' id='word_1_200' title='bbox 174 3267 230 3342; x_wconf 91' lang='lat' dir='ltr'><strong>bie</strong></span> <span class='ocrx_word' id='word_1_201' title='bbox 248 3266 331 3340; x_wconf 87' lang='lat' dir='ltr'><strong>cinis</strong></span> <span class='ocrx_word' id='word_1_202' title='bbox 349 3263 449 3337; x_wconf 87' lang='lat' dir='ltr'><strong>altior</strong></span> <span class='ocrx_word' id='word_1_203' title='bbox 463 3261 526 3335; x_wconf 88' lang='lat' dir='ltr'><strong>erit</strong></span> <span class='ocrx_word' id='word_1_204' title='bbox 542 3277 615 3334; x_wconf 88' lang='lat' dir='ltr'><strong>toto</strong></span> <span class='ocrx_word' id='word_1_205' title='bbox 632 3258 721 3332; x_wconf 89' lang='lat' dir='ltr'><strong>orbe.</strong></span> <span class='ocrx_word' id='word_1_206' title='bbox 747 3262 822 3333; x_wconf 82' lang='lat' dir='ltr'><strong>Hoc</strong></span> <span class='ocrx_word' id='word_1_207' title='bbox 842 3289 911 3333; x_wconf 89' lang='lat' dir='ltr'><strong>non</strong></span> <span class='ocrx_word' id='word_1_208' title='bbox 928 3260 1095 3361; x_wconf 87' lang='lat' dir='ltr'><strong>capientes</strong></span> <span class='ocrx_word' id='word_1_209' title='bbox 1111 3261 1234 3337; x_wconf 89' lang='lat' dir='ltr'><strong>librarii</strong></span> 
     </span>
     <span class='ocr_line' id='line_1_26' title="bbox 174 3376 1236 3484; baseline -0.005 -23"><span class='ocrx_word' id='word_1_210' title='bbox 174 3386 273 3461; x_wconf 83' lang='lat' dir='ltr'><strong>minus</strong></span> <span class='ocrx_word' id='word_1_211' title='bbox 284 3411 345 3484; x_wconf 87' lang='lat' dir='ltr'><strong>pro</strong></span> <span class='ocrx_word' id='word_1_212' title='bbox 356 3382 419 3482; x_wconf 88' lang='lat' dir='ltr'><strong>adj.</strong></span> <span class='ocrx_word' id='word_1_213' title='bbox 435 3380 600 3481; x_wconf 86' lang='lat' dir='ltr'><strong>capientes</strong></span> <span class='ocrx_word' id='word_1_214' title='bbox 615 3376 657 3452; x_wconf 89' lang='lat' dir='ltr'><strong>ad</strong></span> <span class='ocrx_word' id='word_1_215' title='bbox 668 3378 759 3452; x_wconf 76' lang='lat' dir='ltr'><strong>olttbr</strong></span> <span class='ocrx_word' id='word_1_216' title='bbox 771 3380 844 3452; x_wconf 71' lang='lat' dir='ltr'><strong>cinei</strong></span> <span class='ocrx_word' id='word_1_217' title='bbox 856 3377 1056 3468; x_wconf 86' lang='lat' dir='ltr'><strong>referebant,</strong></span> <span class='ocrx_word' id='word_1_218' title='bbox 1075 3399 1109 3456; x_wconf 87' lang='lat' dir='ltr'><strong>et</strong></span> <span class='ocrx_word' id='word_1_219' title='bbox 1120 3381 1236 3457; x_wconf 86' lang='lat' dir='ltr'><strong>lectio-</strong></span> 
     </span>
     <span class='ocr_line' id='line_1_27' title="bbox 174 3489 1098 3598; baseline -0.004 -25"><span class='ocrx_word' id='word_1_220' title='bbox 174 3527 233 3573; x_wconf 90' lang='lat' dir='ltr'><strong>nes</strong></span> <span class='ocrx_word' id='word_1_221' title='bbox 250 3497 424 3585; x_wconf 76' lang='lat' dir='ltr'><strong>cuderam,</strong></span> <span class='ocrx_word' id='word_1_222' title='bbox 442 3489 555 3598; x_wconf 86' lang='lat' dir='ltr'><strong>quales</strong></span> <span class='ocrx_word' id='word_1_223' title='bbox 572 3511 649 3569; x_wconf 87' lang='lat' dir='ltr'><strong>sunt</strong></span> <span class='ocrx_word' id='word_1_224' title='bbox 666 3522 674 3566; x_wconf 82' lang='lat' dir='ltr'><strong>t</strong></span> <span class='ocrx_word' id='word_1_225' title='bbox 690 3523 749 3567; x_wconf 81' lang='lat' dir='ltr'><strong>uon</strong></span> <span class='ocrx_word' id='word_1_226' title='bbox 767 3493 882 3579; x_wconf 82' lang='lat' dir='ltr'><strong>minor,</strong></span> <span class='ocrx_word' id='word_1_227' title='bbox 901 3523 973 3568; x_wconf 85' lang='lat' dir='ltr'><strong>num</strong></span> <span class='ocrx_word' id='word_1_228' title='bbox 991 3495 1098 3569; x_wconf 77' lang='lat' dir='ltr'><strong>msieor.</strong></span> 
     </span>
    </p>

    <p class='ocr_par' dir='ltr' id='par_1_7' title="bbox 173 3609 1234 3942">
     <span class='ocr_line' id='line_1_28' title="bbox 223 3609 1234 3714; baseline 0.004 -31"><span class='ocrx_word' id='word_1_229' title='bbox 223 3613 272 3707; x_wconf 53' lang='grc' dir='ltr'><strong>[μ’.</strong></span> <span class='ocrx_word' id='word_1_230' title='bbox 288 3615 325 3696; x_wconf 90' lang='grc' dir='ltr'><strong>Ι,</strong></span> <span class='ocrx_word' id='word_1_231' title='bbox 354 3610 442 3711; x_wconf 84' lang='lat'><strong>595,</strong></span> <span class='ocrx_word' id='word_1_232' title='bbox 464 3610 524 3684; x_wconf 89' lang='lat' dir='ltr'><strong>ubi</strong></span> <span class='ocrx_word' id='word_1_233' title='bbox 546 3609 642 3684; x_wconf 87' lang='lat' dir='ltr'><strong>multi</strong></span> <span class='ocrx_word' id='word_1_234' title='bbox 664 3609 809 3706; x_wconf 74' lang='lat' dir='ltr'><strong>insignes</strong></span> <span class='ocrx_word' id='word_1_235' title='bbox 833 3610 1018 3685; x_wconf 88' lang='lat' dir='ltr'><strong>reseruntur</strong></span> <span class='ocrx_word' id='word_1_236' title='bbox 1036 3611 1156 3701; x_wconf 86' lang='lat' dir='ltr'><strong>duces,</strong></span> <span class='ocrx_word' id='word_1_237' title='bbox 1176 3615 1234 3714; x_wconf 90' lang='lat' dir='ltr'><strong>qui</strong></span> 
     </span>
     <span class='ocr_line' id='line_1_29' title="bbox 173 3722 1233 3826; baseline -0.001 -25"><span class='ocrx_word' id='word_1_238' title='bbox 173 3727 274 3801; x_wconf 89' lang='lat' dir='ltr'><strong>rebus</strong></span> <span class='ocrx_word' id='word_1_239' title='bbox 288 3723 388 3820; x_wconf 82' lang='lat' dir='ltr'><strong>gestis</strong></span> <span class='ocrx_word' id='word_1_240' title='bbox 402 3722 517 3797; x_wconf 88' lang='lat' dir='ltr'><strong>titulos</strong></span> <span class='ocrx_word' id='word_1_241' title='bbox 527 3740 559 3796; x_wconf 91' lang='lat' dir='ltr'><strong>et</strong></span> <span class='ocrx_word' id='word_1_242' title='bbox 567 3723 765 3819; x_wconf 81' lang='lat' dir='ltr'><strong>cognomina</strong></span> <span class='ocrx_word' id='word_1_243' title='bbox 776 3741 1037 3824; x_wconf 84' lang='lat' dir='ltr'><strong>reportaverant,</strong></span> <span class='ocrx_word' id='word_1_244' title='bbox 1057 3743 1134 3826; x_wconf 90' lang='lat' dir='ltr'><strong>post</strong></span> <span class='ocrx_word' id='word_1_245' title='bbox 1146 3725 1233 3801; x_wconf 81' lang='lat' dir='ltr'><strong>mul.-</strong></span> 
     </span>
     <span class='ocr_line' id='line_1_30' title="bbox 175 3838 1057 3942; baseline 0 -25"><span class='ocrx_word' id='word_1_246' title='bbox 175 3861 228 3918; x_wconf 86' lang='lat' dir='ltr'><strong>tos</strong></span> <span class='ocrx_word' id='word_1_247' title='bbox 245 3841 328 3916; x_wconf 89' lang='lat' dir='ltr'><strong>alios</strong></span> <span class='ocrx_word' id='word_1_248' title='bbox 347 3840 443 3914; x_wconf 88' lang='lat' dir='ltr'><strong>etiarn</strong></span> <span class='ocrx_word' id='word_1_249' title='bbox 461 3838 527 3912; x_wconf 84' lang='lat' dir='ltr'><strong>dux</strong></span> <span class='ocrx_word' id='word_1_250' title='bbox 540 3839 672 3942; x_wconf 84' lang='lat' dir='ltr'><strong>quidum</strong></span> <span class='ocrx_word' id='word_1_251' title='bbox 689 3839 743 3914; x_wconf 91' lang='lat' dir='ltr'><strong>bis</strong></span> <span class='ocrx_word' id='word_1_252' title='bbox 759 3839 871 3914; x_wconf 44' lang='lat' dir='ltr'><strong>verbis&gt;</strong></span> <span class='ocrx_word' id='word_1_253' title='bbox 883 3839 1057 3917; x_wconf 84' lang='lat' dir='ltr'><strong>innuitur:</strong></span> 
     </span>
    </p>

    <p class='ocr_par' dir='ltr' id='par_1_8' title="bbox 171 3951 1232 4174">
     <span class='ocr_line' id='line_1_31' title="bbox 221 3951 1232 4055; baseline 0 -25"><span class='ocrx_word' id='word_1_254' title='bbox 221 3955 317 4030; x_wconf 82' lang='lat' dir='ltr'><strong>Hunc</strong></span> <span class='ocrx_word' id='word_1_255' title='bbox 331 3953 483 4032; x_wconf 66' lang='lat' dir='ltr'><strong>Numidae</strong></span> <span class='ocrx_word' id='word_1_256' title='bbox 491 3951 636 4053; x_wconf 81' lang='lat' dir='ltr'><strong>faciunt,</strong></span> <span class='ocrx_word' id='word_1_257' title='bbox 660 3954 746 4029; x_wconf 75' lang='lat' dir='ltr'><strong>itlmu</strong></span> <span class='ocrx_word' id='word_1_258' title='bbox 770 3953 919 4028; x_wconf 83' lang='lat' dir='ltr'><strong>Messana</strong></span> <span class='ocrx_word' id='word_1_259' title='bbox 934 3953 1104 4055; x_wconf 82' lang='lat' dir='ltr'><strong>superbum.</strong></span> <span class='ocrx_word' id='word_1_260' title='bbox 1130 3956 1232 4051; x_wconf 79' lang='lat' dir='ltr'><strong>Cogi·</strong></span> 
     </span>
     <span class='ocr_line' id='line_1_32' title="bbox 171 4068 1231 4174; baseline 0.004 -32"><span class='ocrx_word' id='word_1_261' title='bbox 171 4087 282 4146; x_wconf 85' lang='lat' dir='ltr'><strong>tarunt</strong></span> <span class='ocrx_word' id='word_1_262' title='bbox 296 4072 439 4173; x_wconf 88' lang='lat' dir='ltr'><strong>interpp.</strong></span> <span class='ocrx_word' id='word_1_263' title='bbox 450 4069 492 4146; x_wconf 92' lang='lat' dir='ltr'><strong>de</strong></span> <span class='ocrx_word' id='word_1_264' title='bbox 503 4072 551 4147; x_wconf 74' lang='lat' dir='ltr'>M</span> <span class='ocrx_word' id='word_1_265' title='bbox 562 4068 696 4146; x_wconf 88' lang='lat' dir='ltr'><strong>Valerio</strong></span> <span class='ocrx_word' id='word_1_266' title='bbox 703 4068 869 4163; x_wconf 80' lang='lat' dir='ltr'><strong>Messala,</strong></span> <span class='ocrx_word' id='word_1_267' title='bbox 887 4069 936 4146; x_wconf 87' lang='lat' dir='ltr'><strong>vel</strong></span> <span class='ocrx_word' id='word_1_268' title='bbox 949 4069 992 4144; x_wconf 80' lang='lat' dir='ltr'><strong>&#39;de</strong></span> <span class='ocrx_word' id='word_1_269' title='bbox 1003 4071 1116 4174; x_wconf 79' lang='lat' dir='ltr'><strong>Appio</strong></span> <span class='ocrx_word' id='word_1_270' title='bbox 1130 4069 1231 4148; x_wconf 77' lang='lat' dir='ltr'><strong>Clau·</strong></span> 
     </span>
    </p>
   </div>
   <div class='ocr_carea' id='block_1_7' title="bbox 0 0 1350 4672">
    <p class='ocr_par' dir='ltr' id='par_1_9' title="bbox 0 0 1350 4672">
     <span class='ocr_line' id='line_1_33' title="bbox 0 0 1350 4672; baseline 0 6"><span class='ocrx_word' id='word_1_271' title='bbox 0 0 1350 4672; x_wconf 95' lang='lat' dir='ltr'><strong> </strong></span> 
     </span>
    </p>
   </div>
  </div>
 </body>
</html>
