2692 4672
189 329 212 395 6
256 380 258 384 ⁴
550 326 882 396 PROOEMIUM.

187 472 237 546 ibi
259 470 357 545 estin
374 467 498 552 rebus,
525 497 607 568 quas
626 469 761 543 traditas
784 484 973 568 acceperat,
1003 467 1203 568 erplicandis
1219 488 1252 543 et

186 591 386 669 exornandis
409 621 416 663 :
439 593 476 663 iu
491 592 668 664 Fastorum
684 607 793 663 autem
815 590 956 664 carmine
981 589 1085 664 multa
1111 592 1254 665 tenuiter

188 733 345 800 tractata,
364 712 468 788 multa
481 713 626 789 breviter
639 713 754 798 relata,
769 710 874 786 multa
888 742 927 788 ex
944 711 1016 785 aliis
1029 714 1253 814 scriptoribus

143 859 146 867 '
187 836 328 941 repetita
340 837 500 912 videmus.
516 842 633 940 Neque
648 837 743 911 aliter
755 865 814 938 per
828 867 938 912 rerum
954 837 1083 911 illamm
1102 855 1254 913 naturam

185 961 256 1035 lieri
268 981 414 1064 poterat,
425 993 528 1064 quum
538 986 623 1064 saepe
636 960 848 1035 Grammatici
858 980 970 1061 partes
981 961 1113 1057 agendae
1127 980 1252 1048 essent,

187 1114 269 1188 quas
286 1086 341 1161 ille
359 1089 493 1165 minime
510 1085 690 1171 fastidivit3
714 1086 816 1159 immo
835 1087 955 1160 diserte
972 1086 1005 1158 id
1023 1087 1110 1181 egit,
1132 1102 1172 1159 ut
1193 1086 1254 1159 do-

186 1212 293 1304 cendo
312 1230 345 1287 et
359 1211 554 1314 explicando
570 1209 743 1310 prodesset
758 1227 821 1282 tam
836 1209 1042 1309 equalibus,
1063 1237 1161 1309 quam
1174 1187 1255 1308 pos-¹

186 1336 265 1411 teris
279 1335 451 1411 vetustatis
468 1333 706 1427 eognoscendae
726 1333 864 1434 cupidis.
895 1336 971 1406 Non
989 1349 1121 1418 tamen,
1151 1361 1255 1432 quum

185 1457 255 1531 haee
271 1458 366 1541 dico,
394 1484 453 1528 sua
475 1452 571 1528 laude
596 1455 725 1554 poetica
748 1455 812 1528 hoc
837 1483 966 1528 carmen
992 1455 1142 1528 fraudare
1165 1453 1253 1527 volo.

186 1579 290 1677 Quod
308 1596 422 1651 contra
439 1577 486 1650 ita
503 1577 666 1663 decurrit,
688 1595 726 1650 ut
743 1594 886 1651 mentem
899 1594 988 1651 tuam
1003 1576 1140 1662 alliciat,
1156 1575 1256 1650 allec-

135 1715 138 1721 '
188 1720 254 1775 um
268 1699 412 1773 suaviter
425 1715 542 1772 teneat.
564 1700 604 1771 In
618 1697 802 1786 illecebris,
821 1728 902 1799 quas
916 1727 991 1773 eum
1003 1700 1039 1771 in
1055 1728 1152 1772 usum
1165 1700 1255 1773 adbi-

136 1826 141 1833 ’
186 1822 281 1907 buit,
310 1821 453 1922 primum
476 1821 644 1921 posuerim
660 1821 853 1895 interventum
871 1822 1019 1894 Deorum.
1041 1821 1094 1894 Sic
1112 1823 1146 1894 in
1162 1825 1255 1922 prin-

187 1943 275 2044 cipio
293 1944 404 2016 statim
419 1943 529 2042 operis
542 1942 648 2015 Jnnns
664 1943 779 2028 adest,
802 1962 999 2042 omnemque
1015 1943 1254 2044 mythologiam

134 2054 173 2097 =.·.
185 2094 294 2152 suam,
312 2064 504 2166 implicitam
522 2064 609 2137 illam
627 2093 724 2151 sane,
744 2063 895 2160 longiore
914 2063 975 2137 illo
998 2094 1072 2140 cum
1090 2085 1161 2140 vate
1182 2096 1254 2141 ser-

186 2212 302 2280 mone,
319 2188 477 2290 85286,
496 2191 636 2291 expedit.
653 2190 858 2263 Procedente
872 2188 959 2263 libro
973 2190 1051 2277 illo,
1066 2221 1148 2265 vers.
1165 2191 1252 2291 695,

187 2313 472 2388 Mnsdintervenit
483 2331 581 2412 atque
595 2313 787 2385 sementivo
796 2312 1095 2406 originemindicat.
1107 2314 1252 2398 Liblll,

192 2462 277 2537 170,
295 2433 389 2509 Mars
405 2434 595 2535 eloquitur,
615 2452 694 2535 'quae
713 2435 780 2507 sint
804 2435 1027 2522 Matronalia;
1051 2463 1134 2508 vers.
1156 2434 1252 2525 260,

188 2557 306 2657 Egenir
321 2559 495 2659 Nympha,
521 2585 580 2629 eur
601 2554 680 2630 Salii
700 2556 819 2630 Martis
842 2586 931 2656 arma
956 2558 1085 2642 serant,
1113 2579 1252 2635 enarrat

187 2681 261 2754 Lib.
278 2683 324 2753 lV
344 2682 416 2752 init.
438 2676 482 2751 V
474 2704 548 2752 enus
563 2680 675 2764 adest,
694 2696 893 2779 poetamque
914 2696 1022 2779 myrto
1046 2696 1168 2753 tactum
1188 2708 1254 2757 nu·

71 2877 73 2880 ,
187 2803 274 2875 ruine
292 2831 354 2876 suo
369 2801 501 2903 implet3
519 2826 686 2900 verscrpr
700 2857 711 2889 ,
723 2802 847 2902 Magna
861 2802 972 2875 Mater
984 2830 1082 2875 unam
1097 2833 1135 2877 ex
1148 2805 1255 2881 Musis

185 2926 328 3012 excitat,
356 2953 428 3024 que
450 2923 601 2997 eumdem
614 2923 775 3010 instruat;
800 2952 881 2997 vers.
904 2922 992 3023 723,
1008 2926 1106 3000 Pales
1121 2927 1253 3026 adjuvat

186 3048 302 3122 Palilia
317 3067 486 3123 canentem
499 3078 507 3136 ;
521 3051 563 3135 V,
584 3074 661 3149 191,
675 3049 778 3122 Flora
790 3050 861 3149 ipsa
877 3048 1109 3126 facundissime
1124 3053 1250 3141 omnia,

187 3200 259 3272 quae
272 3172 313 3244 ad
331 3172 435 3272 ipsam
450 3171 819 3272 pertinebant,relert;
838 3174 903 3261 Vl,
932 3166 1024 3260 251,
1047 3172 1089 3246 V
1082 3191 1146 3249 esto
1166 3204 1252 3250 nou·

185 3293 275 3368 nulla
292 3294 482 3396 suppeditat
504 3295 544 3367 de
569 3293 671 3368 sacris
687 3296 779 3383 suis;
798 3294 888 3368 vers.
904 3294 999 3382 655,
1026 3297 1169 3371 Minerva
1184 3297 1252 3371 dis·

188 3446 316 3492 cessum
332 3419 505 3492 tibicinum
523 3416 634 3492 narrat
646 3437 678 3493 et
691 3420 844 3493 reditum.
863 3420 930 3494 Sed
944 3421 1108 3521 inprimis
1125 3448 1252 3494 memo-

188 3540 306 3613 rabilia
322 3559 400 3615 sunt
410 3541 476 3614 duo
491 3570 529 3615 ex
543 3541 608 3613 hoc
622 3569 737 3638 genere
751 3541 839 3630 lora;
855 3545 884 3612 V
902 3543 973 3616 init.
986 3542 1046 3616 ubi
1057 3559 1123 3616 tres
1133 3543 1248 3630 Musae,

191 3676 224 3736 e't
238 3665 285 3735 Vl
301 3662 373 3760 init.
391 3663 448 3736 ubi
463 3663 571 3749 Jreno,
596 3664 687 3737 Hebe
699 3681 733 3738 et
756 3663 926 3738 Concordia
940 3660 1119 3737 sententias
1136 3664 1251 3739 dicunt

191 3783 231 3857 de
243 3784 436 3859 nominibus
449 3785 531 3859 Maii
546 3804 578 3859 et
589 3786 699 3870 Junii;
715 3787 838 3886 quibus
851 3785 931 3859 loris
944 3784 1132 3885 disquisitio
1144 3815 1251 3883 gram-

190 3909 326 3997 matica,
349 3936 449 4010 eaque
463 3909 640 3983 admodum
655 3910 786 3996 tenuis,
810 3908 964 3982 dramatis
982 3909 1162 3984 suavissimi
1179 3909 1251 3981 sor·

190 4056 277 4106 mam
289 4031 407 4106 induit.
421 4035 461 4106 lu
471 4031 612 4133 'reliquis
625 4031 691 4105 illis
702 4032 868 4127 figmentis
881 4058 948 4106 non
963 4033 1104 4110 multum
1118 4032 1249 4133 quidem
