2692 4672
187 290 251 384 ¹7⁶
365 320 368 325 »
475 293 514 358 r.
541 292 721 360 ovlon
750 291 980 362 resonis

186 429 431 528 Quarendnm,
448 430 556 504 vidua
571 430 642 505 lieri
656 430 827 520 malimus,
846 462 889 507 an
906 434 1018 507 orba:

237 546 422 622 Consilium
437 547 531 621 vobis
546 548 632 622 sorte
648 549 805 650 piumque
824 549 923 624 dabo.

188 653 375 740 Consilium
391 665 523 739 dederat
538 696 546 738 :
561 683 697 767 parent3
715 667 905 768 crinemque
921 665 1113 754 resolrnn13

236 782 423 881 Moestaque
438 780 573 854 funerea
589 808 729 881 corpora
745 799 835 855 veste
851 798 977 878 tegunt.

187 897 263 971 Jam
280 896 413 970 stabant
428 897 513 971 acies
530 896 617 970 ferro
635 897 801 997 mortique
819 893 959 999 paratam¹

235 1014 311 1086 Jarn
327 1011 430 1086 lituus
446 1040 566 1112 pugna
579 1012 675 1106 signa
692 1013 830 1087 daturus
848 1032 919 1088 erat
933 1043 941 1102 ;

188 1129 304 1225 Quum
320 1145 422 1229 raptu
438 1127 573 1200 veniunt
588 1126 676 1201 inter
691 1145 868 1229 patresque
882 1130 1057 1230 virosque3

237 1247 341 1344 Inque
358 1244 432 1318 sinu
450 1259 563 1331 natos,
582 1243 722 1343 pignora
738 1271 830 1327 cara,
848 1245 968 1319 serunt.

188 1362 237 1433 Ut
252 1358 396 1431 medium
413 1357 520 1459 campi
537 1359 642 1458 passis
661 1359 796 1455 tetigere
812 1359 962 1461 capillis,

236 1476 278 1547 ln
294 1491 414 1546 terram
433 1474 544 1576 posito
560 1473 769 1575 procubuere
787 1502 896 1571 genu:

189 1591 253 1676 Et,
273 1589 367 1689 quasi
383 1590 563 1677 sentirent,
581 1588 705 1662 blando
725 1587 865 1664 clamore
879 1606 1018 1692 nepotes

238 1703 437 1777 Tendebant
457 1704 500 1776 ad
518 1733 597 1777 avos
614 1704 748 1778 brachia
763 1734 863 1806 parva
878 1734 968 1780 suos.

191 1819 262 1917 Qui
279 1835 429 1919 poterat,
448 1816 611 1893 clamabat
628 1848 745 1910 avum,
764 1838 834 1895 tum
851 1820 993 1923 denique
1009 1819 1138 1894 usum:

237 1936 285 2007 Et
303 1937 360 2036 qui
378 1935 431 2009 vix
448 1951 597 2036 poterat,
616 1963 713 2037 posse
731 1955 865 2012 coaetus
883 1953 961 2012 e'rat.

190 2048 271 2124 Tela
283 2048 362 2124 viris
378 2050 575 2152 animusque
592 2050 731 2139 cadunt;
749 2049 932 2153 gladiisque
949 2053 1086 2127 remotis
1209 2071 1253 2126 sas

240 2169 331 2242 Dant
345 2168 451 2241 soceri
468 2167 617 2263 generis,
635 2166 865 2267 accipiuntque
884 2194 1009 2242 manus.

191 2285 424 2382 Laudatasque
441 2298 554 2356 tenent
569 2299 663 2355 natas
676 2311 684 2368 ;
696 2298 856 2382 scutoque
872 2299 1027 2384 nepotem
1113 2291 1117 2297 ’

190 2456 276 2515 patres
288 2452 316 2496 et
332 2440 360 2493 in
377 2439 484 2493 maritos
501 2439 593 2508 frigide
608 2440 699 2493 sedere
782 2462 837 2514 τις)
850 2444 904 2497 Pro
915 2448 1016 2512 tetigere
1023 2439 1258 2496 ocsoMssrem-

190 2522 275 2593 jubet,
283 2538 332 2572 nec
341 2516 485 2588 quidquam
498 2516 584 2569 moliri
594 2515 700 2585 patitur.
748 2537 788 2577 re.
805 2519 875 2588 quod
895 2520 1103 2575 multisillustrat
1121 2518 1260 2572 Heinsius.

189 2628 223 2640 -
238 2601 400 2665 Quaeeeudum
410 2606 460 2650 etc.
469 2595 512 2649 sic
527 2606 554 2649 et
567 2593 635 2664 apud
648 2593 699 2645 Li·
749 2598 854 2652 -Tum
867 2618 915 2669 pro
923 2605 1012 2667 passis
1023 2597 1205 2669 vulgoscs'sss's,
1215 2596 1259 2650 alii

190 2678 263 2730 vium
270 2676 392 2729 mulieres
402 2693 430 2727 e«
440 2673 538 2727 Melius
546 2671 698 2741 peribimus,
747 2680 852 2742 sparsis.
862 2704 895 2717 -
909 2679 994 2741 Quasi
1002 2680 1119 2729 sentirent
1133 2691 1233 2742 nempe
1249 2712 1258 2740 ,

192 2777 207 2802 s
219 2753 362 2823 quamsine
375 2751 461 2806 alteris
472 2761 588 2802 vestrum
597 2748 697 2812 vidua,
749 2753 812 2822 quid
824 2764 953 2823 ageretur.
967 2781 1001 2795 -
1018 2756 1153 2808 clamatae
1161 2771 1238 2805 aeuus
1251 2791 1258 2814 ,

191 2854 205 2879 ν
218 2841 264 2885 aul
274 2831 345 2883 orba
356 2828 480 2880 vivemus.
494 2848 507 2873 υ
518 2855 553 2868 ·-
562 2829 699 2880 Consilium
746 2829 884 2885 clamando
896 2831 1041 2899 appellabat
1058 2831 1261 2884 avum-Posse

190 2912 276 2980 ipsum
288 2926 341 2960 non
360 2915 525 2958 memoratur
539 2944 546 2970 ,
558 2904 603 2957 sed
623 2906 698 2972 quale
747 2903 1262 2975 c'oactussra15incitabaturamatrem

189 2988 283 3051 suerit,
298 2986 350 3053 iam
361 3003 374 3036 e
387 3002 435 3051 sqq
445 2993 563 3052 apparet.
572 2982 700 3036 Similiter
747 3003 824 3039 arum
831 2983 977 3039 balbutiret
985 2982 1260 3040 muxuelnmrtsin-

192 3064 332 3137 Virgilius,
345 3061 451 3115 AEneid.
467 3060 497 3125 1,
510 3065 542 3114 50
554 3079 610 3128 sqq.
747 3059 816 3131 genii
827 3058 979 3113 Nasoniani.
990 3059 1153 3116 Teubnerus
1170 3070 1267 3132 putst,

237 3146 293 3211 ²¹4·
310 3142 397 3195 Etiam
414 3138 482 3208 apud
496 3139 654 3211 Dionysium
672 3150 699 3193 et
750 3149 846 3192 matres
858 3136 961 3192 dolores
971 3158 1071 3194 creasse
1082 3141 1161 3208 natis,
1175 3138 1261 3195 utele-

194 3220 374 3284 Plutarcbum,
383 3217 654 3286 vestibuslugnbribus
663 3217 701 3268 in·
751 3227 869 3282 marent,
879 3221 921 3269 Aa
930 3219 979 3272 oo!
987 3219 1033 3289 (au
1040 3223 1087 3272 auh
1094 3218 1102 3272 ,¹
1110 3216 1122 3286 )
1131 3216 1260 3287 ,quodie-

194 3298 281 3365 duta,
293 3297 457 3367 infantesque
467 3298 495 3351 in
505 3297 564 3350 sinu
573 3307 702 3367 gestantes
750 3313 779 3348 re
789 3305 909 3359 sonaret,
921 3306 951 3348 ut
962 3316 1014 3350 ase.
1029 3296 1073 3350 sic
1083 3304 1109 3347 et
1122 3294 1258 3349 Krebsius.

193 3377 297 3429 avolant
312 3378 339 3429 in
352 3387 451 3443 eastra,
466 3376 554 3446 ibique
571 3392 702 3445 procum·
784 3375 840 3425 225.
850 3373 999 3442 Repentina
1009 3373 1157 3426 animorum
1170 3385 1261 3427 muta·

193 3455 297 3519 buntin
309 3465 414 3508 terram.
427 3453 480 3508 Sed
492 3454 573 3523 magis
584 3453 633 3504 illue
645 3452 703 3521 pla·
751 3449 795 3503 tio.
808 3448 928 3519 Omnes,
942 3453 985 3521 qui
995 3450 1115 3513 aderant,
1124 3467 1190 3503 eum
1205 3469 1261 3504 orn·

195 3533 462 3601 cent,qualesaLivio
469 3541 610 3585 notantur:
620 3551 634 3576 κ
643 3527 701 3583 Cri·
750 3527 827 3582 nibus
841 3531 920 3583 armis
932 3530 983 3584 suis
992 3538 1187 3595 memorantur,
1199 3530 1260 3583 bre·

197 3631 211 3658 s
223 3609 300 3663 nibus
311 3611 387 3678 passis
398 3611 523 3678 scissaque
535 3617 621 3671 veste,
635 3625 702 3661 ause
750 3606 818 3660 viter
830 3607 1056 3662 tamen-Tela...
1067 3608 1171 3667 cadunt,
1181 3620 1207 3662 et
1217 3609 1259 3661 iru

197 3708 210 3732 »ι
221 3705 248 3739 se
265 3685 336 3737 inter
348 3684 397 3737 tela
417 3685 528 3736 volantia
540 3683 652 3748 inferre,
671 3705 702 3737 es
751 3685 869 3738 virorum
878 3683 1142 3748 molliuntur,ettela
1151 3685 1184 3738 ad
1193 3703 1259 3738 mor·

197 3784 211 3809 n
224 3773 370 3814 transverso
388 3760 487 3828 impetu
506 3758 573 3811 sacto
584 3781 598 3805 n
611 3771 659 3812 etc.
669 3788 703 3800 -
751 3773 806 3816 tem
813 3760 976 3817 inserendam
983 3771 1072 3830 parata
1079 3762 1258 3833 deponuntur.

198 3841 259 3894 Non
271 3849 342 3904 erat,
353 3857 400 3890 eur
412 3836 537 3889 Heinsius
545 3841 623 3889 lituus
634 3837 661 3889 in
671 3843 702 3891 Ie'·
752 3839 792 3892 lV
803 3839 911 3892 Metam.
925 3840 970 3907 175
982 3877 988 3904 ,
1004 3839 1124 3893 Vulcano
1136 3841 1259 3911 obstupe·

197 3925 262 3971 licen
271 3913 368 3968 mutari
380 3912 464 3965 vellet.
478 3911 564 3978 AEque
578 3923 647 3965 reete
660 3914 703 3966 in·
749 3912 818 3968 sacto
827 3935 840 3960 o
849 3925 875 3967 et
887 3931 971 3979 mens,
984 3925 1010 3967 et
1022 3915 1093 3984 quod
1105 3936 1171 3986 opus
1180 3917 1259 3970 sabri-

196 4003 374 4047 strumentum
380 3991 485 4059 signum
492 3988 553 4042 dare
562 3988 665 4058 dicitur,
673 4010 703 4046 ae
752 4010 766 4035 ν
777 3989 808 4044 lis
820 3989 908 4042 dextra
921 3992 1042 4058 tenebat,
1056 3993 1174 4058 Excidit,
1190 3993 1258 4051 subi

199 4069 416 4138 isquiillocanit.
751 4087 775 4121 r.
787 4079 842 4123 not.
853 4090 887 4110 ·-
905 4071 997 4126 Tenere
1008 4069 1078 4124 idem
1091 4070 1166 4139 lere,
1187 4069 1257 4139 quod
