<?xml version="1.0" encoding="UTF-8"?>
<!DOCTYPE html PUBLIC "-//W3C//DTD XHTML 1.0 Transitional//EN"
    "http://www.w3.org/TR/xhtml1/DTD/xhtml1-transitional.dtd">
<html xmlns="http://www.w3.org/1999/xhtml" xml:lang="en" lang="en">
 <head>
  <title>
</title>
<meta http-equiv="Content-Type" content="text/html;charset=utf-8" />
  <meta name='ocr-system' content='tesseract 3.04.00' />
  <meta name='ocr-capabilities' content='ocr_page ocr_carea ocr_par ocr_line ocrx_word'/>
</head>
<body>
  <div class='ocr_page' id='page_1' title='image "./publiiovidiinas08massgoog/publiiovidiinas08massgoog_0475.png"; bbox 0 0 2692 4672; ppageno 0'>
   <div class='ocr_carea' id='block_1_1' title="bbox 138 305 1197 548">
    <p class='ocr_par' dir='ltr' id='par_1_1' title="bbox 138 305 1197 548">
     <span class='ocr_line' id='line_1_1' title="bbox 138 305 1197 426; baseline -0.001 -52"><span class='ocrx_word' id='word_1_1' title='bbox 138 307 204 402; x_wconf 70' lang='lat'>470</span> <span class='ocrx_word' id='word_1_2' title='bbox 522 305 805 376; x_wconf 74' lang='lat' dir='ltr'>excussus</span> <span class='ocrx_word' id='word_1_3' title='bbox 1194 416 1197 426; x_wconf 19' lang='grc' dir='ltr'><strong><em>Ι</em></strong></span> 
     </span>
     <span class='ocr_line' id='line_1_2' title="bbox 184 435 1051 548; baseline -0.002 -24"><span class='ocrx_word' id='word_1_4' title='bbox 184 452 218 539; x_wconf 87' lang='lat'>1,</span> <span class='ocrx_word' id='word_1_5' title='bbox 236 447 305 548; x_wconf 82' lang='lat'>637</span> <span class='ocrx_word' id='word_1_6' title='bbox 324 475 410 548; x_wconf 87' lang='lat' dir='ltr'>sqq,</span> <span class='ocrx_word' id='word_1_7' title='bbox 427 447 468 523; x_wconf 90' lang='lat' dir='ltr'>de</span> <span class='ocrx_word' id='word_1_8' title='bbox 484 448 678 525; x_wconf 80' lang='lat' dir='ltr'>Concordiae</span> <span class='ocrx_word' id='word_1_9' title='bbox 693 435 761 525; x_wconf 72' lang='lat' dir='ltr'>ade</span> <span class='ocrx_word' id='word_1_10' title='bbox 779 447 919 522; x_wconf 82' lang='lat' dir='ltr'>Ovidius</span> <span class='ocrx_word' id='word_1_11' title='bbox 935 449 1051 524; x_wconf 87' lang='lat' dir='ltr'>canit:</span> 
     </span>
    </p>
   </div>
   <div class='ocr_carea' id='block_1_2' title="bbox 136 613 1197 1197">
    <p class='ocr_par' dir='ltr' id='par_1_2' title="bbox 136 613 1197 1197">
     <span class='ocr_line' id='line_1_3' title="bbox 270 613 929 688; baseline 0.009 -20"><span class='ocrx_word' id='word_1_12' title='bbox 270 613 357 670; x_wconf 82' lang='lat' dir='ltr'>Causa</span> <span class='ocrx_word' id='word_1_13' title='bbox 369 636 461 672; x_wconf 81' lang='lat' dir='ltr'>recens</span> <span class='ocrx_word' id='word_1_14' title='bbox 474 617 568 672; x_wconf 86' lang='lat' dir='ltr'>melior</span> <span class='ocrx_word' id='word_1_15' title='bbox 578 637 584 671; x_wconf 93' lang='lat'>:</span> <span class='ocrx_word' id='word_1_16' title='bbox 595 637 680 688; x_wconf 78' lang='lat' dir='ltr'>passos</span> <span class='ocrx_word' id='word_1_17' title='bbox 691 619 833 673; x_wconf 75' lang='lat' dir='ltr'>Germania</span> <span class='ocrx_word' id='word_1_18' title='bbox 843 618 929 674; x_wconf 80' lang='lat' dir='ltr'>crines</span> 
     </span>
     <span class='ocr_line' id='line_1_4' title="bbox 314 706 885 778; baseline 0.002 -17"><span class='ocrx_word' id='word_1_19' title='bbox 314 706 432 778; x_wconf 75' lang='lat' dir='ltr'>&#39;Porrigit</span> <span class='ocrx_word' id='word_1_20' title='bbox 442 707 573 778; x_wconf 71' lang='lat' dir='ltr'>auspiciis,</span> <span class='ocrx_word' id='word_1_21' title='bbox 586 707 639 762; x_wconf 85' lang='lat' dir='ltr'>dux</span> <span class='ocrx_word' id='word_1_22' title='bbox 650 709 815 774; x_wconf 83' lang='lat' dir='ltr'>venerande,</span> <span class='ocrx_word' id='word_1_23' title='bbox 827 709 885 765; x_wconf 72' lang='lat' dir='ltr'>tuie</span> 
     </span>
     <span class='ocr_line' id='line_1_5' title="bbox 186 847 1197 952; baseline 0.004 -30"><span class='ocrx_word' id='word_1_24' title='bbox 186 848 237 922; x_wconf 85' lang='lat' dir='ltr'>De</span> <span class='ocrx_word' id='word_1_25' title='bbox 253 874 341 921; x_wconf 88' lang='lat' dir='ltr'>anno</span> <span class='ocrx_word' id='word_1_26' title='bbox 360 847 522 952; x_wconf 83' lang='lat' dir='ltr'>disputari</span> <span class='ocrx_word' id='word_1_27' title='bbox 537 875 735 949; x_wconf 80' lang='lat' dir='ltr'>magnopere</span> <span class='ocrx_word' id='word_1_28' title='bbox 752 865 894 950; x_wconf 88' lang='lat' dir='ltr'>poterat.</span> <span class='ocrx_word' id='word_1_29' title='bbox 913 848 1099 926; x_wconf 77' lang='lat' dir='ltr'>Suetonius</span> <span class='ocrx_word' id='word_1_30' title='bbox 1116 852 1197 926; x_wconf 88' lang='lat' dir='ltr'>enim</span> 
     </span>
     <span class='ocr_line' id='line_1_6' title="bbox 136 971 1196 1076; baseline 0.004 -32"><span class='ocrx_word' id='word_1_31' title='bbox 136 971 248 1045; x_wconf 84' lang='lat' dir='ltr'>Tiber.</span> <span class='ocrx_word' id='word_1_32' title='bbox 265 1000 336 1074; x_wconf 67' lang='lat' dir='ltr'>cap·</span> <span class='ocrx_word' id='word_1_33' title='bbox 357 996 420 1059; x_wconf 85' lang='lat'>20,</span> <span class='ocrx_word' id='word_1_34' title='bbox 440 971 519 1045; x_wconf 83' lang='lat' dir='ltr'>aedis</span> <span class='ocrx_word' id='word_1_35' title='bbox 537 972 774 1047; x_wconf 81' lang='lat' dir='ltr'>dedicationem</span> <span class='ocrx_word' id='word_1_36' title='bbox 795 972 910 1073; x_wconf 78' lang='lat' dir='ltr'>posuit</span> <span class='ocrx_word' id='word_1_37' title='bbox 925 988 1002 1073; x_wconf 82' lang='lat' dir='ltr'>post</span> <span class='ocrx_word' id='word_1_38' title='bbox 1016 974 1196 1076; x_wconf 79' lang='lat' dir='ltr'>tnianpduo</span> 
     </span>
     <span class='ocr_line' id='line_1_7' title="bbox 136 1094 1194 1197; baseline 0.004 -31"><span class='ocrx_word' id='word_1_39' title='bbox 136 1094 262 1197; x_wconf 81' lang='lat' dir='ltr'>Tiberii</span> <span class='ocrx_word' id='word_1_40' title='bbox 279 1095 321 1167; x_wconf 87' lang='lat' dir='ltr'>de</span> <span class='ocrx_word' id='word_1_41' title='bbox 336 1095 517 1169; x_wconf 78' lang='lat' dir='ltr'>Pannoniis</span> <span class='ocrx_word' id='word_1_42' title='bbox 533 1112 566 1168; x_wconf 87' lang='lat' dir='ltr'>et</span> <span class='ocrx_word' id='word_1_43' title='bbox 582 1095 763 1182; x_wconf 84' lang='lat' dir='ltr'>Dalmatis,</span> <span class='ocrx_word' id='word_1_44' title='bbox 788 1122 886 1197; x_wconf 86' lang='lat' dir='ltr'>quem</span> <span class='ocrx_word' id='word_1_45' title='bbox 910 1113 1042 1192; x_wconf 82' lang='lat' dir='ltr'>gestum</span> <span class='ocrx_word' id='word_1_46' title='bbox 1062 1125 1132 1172; x_wconf 89' lang='lat' dir='ltr'>esse</span> <span class='ocrx_word' id='word_1_47' title='bbox 1146 1127 1194 1170; x_wconf 88' lang='lat' dir='ltr'>an.</span> 
     </span>
    </p>
   </div>
   <div class='ocr_carea' id='block_1_3' title="bbox 24 1216 1196 1318">
    <p class='ocr_par' dir='ltr' id='par_1_3' title="bbox 24 1216 1196 1318">
     <span class='ocr_line' id='line_1_8' title="bbox 24 1216 1196 1318; baseline 0.004 -30"><span class='ocrx_word' id='word_1_48' title='bbox 24 1216 28 1226; x_wconf 83' lang='lat'>&#39;</span> <span class='ocrx_word' id='word_1_49' title='bbox 140 1216 209 1318; x_wconf 81' lang='lat'>765</span> <span class='ocrx_word' id='word_1_50' title='bbox 233 1217 327 1316; x_wconf 74' lang='lat' dir='ltr'>(aere</span> <span class='ocrx_word' id='word_1_51' title='bbox 340 1218 576 1318; x_wconf 71' lang='lat' dir='ltr'>Varroniano)</span> <span class='ocrx_word' id='word_1_52' title='bbox 595 1217 790 1293; x_wconf 89' lang='lat' dir='ltr'>Germanico</span> <span class='ocrx_word' id='word_1_53' title='bbox 808 1237 841 1293; x_wconf 89' lang='lat' dir='ltr'>et</span> <span class='ocrx_word' id='word_1_54' title='bbox 850 1219 992 1293; x_wconf 86' lang='lat' dir='ltr'>Fonteio</span> <span class='ocrx_word' id='word_1_55' title='bbox 1007 1219 1086 1294; x_wconf 83' lang='lat' dir='ltr'>cos.</span> <span class='ocrx_word' id='word_1_56' title='bbox 1094 1221 1196 1296; x_wconf 85' lang='lat' dir='ltr'>Verrii</span> 
     </span>
    </p>
   </div>
   <div class='ocr_carea' id='block_1_4' title="bbox 128 1338 1204 3639">
    <p class='ocr_par' dir='ltr' id='par_1_4' title="bbox 128 1338 1199 2547">
     <span class='ocr_line' id='line_1_9' title="bbox 137 1338 1198 1442; baseline 0.004 -29"><span class='ocrx_word' id='word_1_57' title='bbox 137 1338 228 1415; x_wconf 87' lang='lat' dir='ltr'>Fasti</span> <span class='ocrx_word' id='word_1_58' title='bbox 244 1340 286 1416; x_wconf 87' lang='lat' dir='ltr'>ad</span> <span class='ocrx_word' id='word_1_59' title='bbox 302 1339 334 1413; x_wconf 89' lang='lat' dir='ltr'>d.</span> <span class='ocrx_word' id='word_1_60' title='bbox 360 1339 402 1414; x_wconf 83' lang='lat'>16</span> <span class='ocrx_word' id='word_1_61' title='bbox 418 1342 493 1415; x_wconf 87' lang='lat' dir='ltr'>Jan.</span> <span class='ocrx_word' id='word_1_62' title='bbox 520 1341 537 1440; x_wconf 94' lang='lat'>(</span> <span class='ocrx_word' id='word_1_63' title='bbox 555 1341 641 1415; x_wconf 83' lang='lat' dir='ltr'>conl.</span> <span class='ocrx_word' id='word_1_64' title='bbox 660 1343 763 1437; x_wconf 78' lang='lat' dir='ltr'>Fogg.</span> <span class='ocrx_word' id='word_1_65' title='bbox 781 1368 856 1442; x_wconf 73' lang='lat' dir='ltr'>pag.</span> <span class='ocrx_word' id='word_1_66' title='bbox 881 1342 958 1440; x_wconf 73' lang='lat'>14)</span> <span class='ocrx_word' id='word_1_67' title='bbox 983 1342 1113 1417; x_wconf 82' lang='lat' dir='ltr'>docent.</span> <span class='ocrx_word' id='word_1_68' title='bbox 1133 1343 1198 1417; x_wconf 83' lang='lat' dir='ltr'>Dc-</span> 
     </span>
     <span class='ocr_line' id='line_1_10' title="bbox 139 1461 1197 1566; baseline 0.002 -31"><span class='ocrx_word' id='word_1_69' title='bbox 139 1479 248 1537; x_wconf 87' lang='lat' dir='ltr'>cretus</span> <span class='ocrx_word' id='word_1_70' title='bbox 262 1463 329 1561; x_wconf 87' lang='lat' dir='ltr'>jam</span> <span class='ocrx_word' id='word_1_71' title='bbox 351 1461 459 1538; x_wconf 86' lang='lat' dir='ltr'>suerat</span> <span class='ocrx_word' id='word_1_72' title='bbox 476 1462 650 1539; x_wconf 80' lang='lat' dir='ltr'>Dolabella</span> <span class='ocrx_word' id='word_1_73' title='bbox 666 1481 700 1537; x_wconf 89' lang='lat' dir='ltr'>et</span> <span class='ocrx_word' id='word_1_74' title='bbox 716 1463 775 1537; x_wconf 87' lang='lat' dir='ltr'>Sil.</span> <span class='ocrx_word' id='word_1_75' title='bbox 797 1463 875 1538; x_wconf 86' lang='lat' dir='ltr'>Cos.</span> <span class='ocrx_word' id='word_1_76' title='bbox 901 1464 1015 1562; x_wconf 85' lang='lat' dir='ltr'>(Dio.</span> <span class='ocrx_word' id='word_1_77' title='bbox 1031 1467 1105 1554; x_wconf 72' lang='lat' dir='ltr'>LV,</span> <span class='ocrx_word' id='word_1_78' title='bbox 1129 1467 1197 1566; x_wconf 86' lang='lat'>17)</span> 
     </span>
     <span class='ocr_line' id='line_1_11' title="bbox 138 1584 1198 1685; baseline 0.001 -26"><span class='ocrx_word' id='word_1_79' title='bbox 138 1585 215 1674; x_wconf 85' lang='lat' dir='ltr'>sed,</span> <span class='ocrx_word' id='word_1_80' title='bbox 230 1585 274 1660; x_wconf 89' lang='lat' dir='ltr'>ob</span> <span class='ocrx_word' id='word_1_81' title='bbox 291 1585 459 1685; x_wconf 79' lang='lat' dir='ltr'>civitatem</span> <span class='ocrx_word' id='word_1_82' title='bbox 475 1584 566 1662; x_wconf 85' lang='lat' dir='ltr'>clade</span> <span class='ocrx_word' id='word_1_83' title='bbox 581 1587 723 1661; x_wconf 84' lang='lat' dir='ltr'>Variana</span> <span class='ocrx_word' id='word_1_84' title='bbox 740 1603 904 1674; x_wconf 84' lang='lat' dir='ltr'>moestam,</span> <span class='ocrx_word' id='word_1_85' title='bbox 925 1585 1059 1661; x_wconf 83' lang='lat' dir='ltr'>dilatus.</span> <span class='ocrx_word' id='word_1_86' title='bbox 1080 1587 1198 1662; x_wconf 88' lang='lat' dir='ltr'>Secun-</span> 
     </span>
     <span class='ocr_line' id='line_1_12' title="bbox 139 1706 1195 1810; baseline 0.004 -30"><span class='ocrx_word' id='word_1_87' title='bbox 139 1709 218 1798; x_wconf 86' lang='lat' dir='ltr'>dum</span> <span class='ocrx_word' id='word_1_88' title='bbox 234 1707 431 1781; x_wconf 83' lang='lat' dir='ltr'>Suetonium</span> <span class='ocrx_word' id='word_1_89' title='bbox 448 1706 527 1782; x_wconf 74' lang='lat' dir='ltr'>ndis</span> <span class='ocrx_word' id='word_1_90' title='bbox 545 1707 707 1784; x_wconf 87' lang='lat' dir='ltr'>dedicatio</span> <span class='ocrx_word' id='word_1_91' title='bbox 723 1727 804 1810; x_wconf 86' lang='lat' dir='ltr'>post</span> <span class='ocrx_word' id='word_1_92' title='bbox 824 1736 948 1783; x_wconf 87' lang='lat' dir='ltr'>annum</span> <span class='ocrx_word' id='word_1_93' title='bbox 966 1707 1039 1810; x_wconf 81' lang='lat'>765</span> <span class='ocrx_word' id='word_1_94' title='bbox 1056 1711 1195 1796; x_wconf 77' lang='lat' dir='ltr'>caderet,</span> 
     </span>
     <span class='ocr_line' id='line_1_13' title="bbox 141 1828 1195 1933; baseline 0 -29"><span class='ocrx_word' id='word_1_95' title='bbox 141 1828 233 1930; x_wconf 90' lang='lat' dir='ltr'>qnod</span> <span class='ocrx_word' id='word_1_96' title='bbox 255 1830 322 1929; x_wconf 91' lang='lat' dir='ltr'>jam</span> <span class='ocrx_word' id='word_1_97' title='bbox 343 1829 499 1904; x_wconf 81' lang='lat' dir='ltr'>refutavit</span> <span class='ocrx_word' id='word_1_98' title='bbox 513 1831 659 1907; x_wconf 87' lang='lat' dir='ltr'>Masson.</span> <span class='ocrx_word' id='word_1_99' title='bbox 677 1831 714 1905; x_wconf 90' lang='lat' dir='ltr'>in</span> <span class='ocrx_word' id='word_1_100' title='bbox 728 1831 796 1904; x_wconf 85' lang='lat' dir='ltr'>vita</span> <span class='ocrx_word' id='word_1_101' title='bbox 813 1830 945 1921; x_wconf 88' lang='lat' dir='ltr'>Ovidii,</span> <span class='ocrx_word' id='word_1_102' title='bbox 964 1859 1043 1933; x_wconf 79' lang='lat' dir='ltr'>pag.</span> <span class='ocrx_word' id='word_1_103' title='bbox 1068 1858 1134 1906; x_wconf 87' lang='lat'>100</span> <span class='ocrx_word' id='word_1_104' title='bbox 1151 1833 1195 1906; x_wconf 88' lang='lat' dir='ltr'>ed.</span> 
     </span>
     <span class='ocr_line' id='line_1_14' title="bbox 140 1955 1197 2058; baseline 0.003 -31"><span class='ocrx_word' id='word_1_105' title='bbox 140 1956 254 2029; x_wconf 87' lang='lat' dir='ltr'>Burm.</span> <span class='ocrx_word' id='word_1_106' title='bbox 282 1971 361 2028; x_wconf 90' lang='lat' dir='ltr'>tom.</span> <span class='ocrx_word' id='word_1_107' title='bbox 389 1955 448 2058; x_wconf 66' lang='lat' dir='ltr'>ly.</span> <span class='ocrx_word' id='word_1_108' title='bbox 470 1956 608 2031; x_wconf 87' lang='lat' dir='ltr'>Verrius</span> <span class='ocrx_word' id='word_1_109' title='bbox 628 1982 717 2030; x_wconf 87' lang='lat' dir='ltr'>nnnc</span> <span class='ocrx_word' id='word_1_110' title='bbox 749 1956 862 2042; x_wconf 86' lang='lat' dir='ltr'>docet,</span> <span class='ocrx_word' id='word_1_111' title='bbox 886 1956 1003 2031; x_wconf 88' lang='lat' dir='ltr'>eodem</span> <span class='ocrx_word' id='word_1_112' title='bbox 1024 1986 1112 2032; x_wconf 86' lang='lat' dir='ltr'>anno</span> <span class='ocrx_word' id='word_1_113' title='bbox 1135 1985 1197 2058; x_wconf 87' lang='lat' dir='ltr'>qno</span> 
     </span>
     <span class='ocr_line' id='line_1_15' title="bbox 141 2076 1196 2182; baseline 0.001 -31"><span class='ocrx_word' id='word_1_114' title='bbox 141 2105 205 2178; x_wconf 85' lang='lat' dir='ltr'>pax</span> <span class='ocrx_word' id='word_1_115' title='bbox 221 2076 256 2149; x_wconf 92' lang='lat' dir='ltr'>in</span> <span class='ocrx_word' id='word_1_116' title='bbox 272 2077 443 2170; x_wconf 86' lang='lat' dir='ltr'>Pannonia</span> <span class='ocrx_word' id='word_1_117' title='bbox 458 2094 492 2151; x_wconf 92' lang='lat' dir='ltr'>et</span> <span class='ocrx_word' id='word_1_118' title='bbox 504 2078 668 2152; x_wconf 86' lang='lat' dir='ltr'>Dalmatia</span> <span class='ocrx_word' id='word_1_119' title='bbox 683 2079 951 2179; x_wconf 66' lang='lat' dir='ltr'>compositust,</span> <span class='ocrx_word' id='word_1_120' title='bbox 970 2079 1100 2156; x_wconf 86' lang='lat' dir='ltr'>scilieet</span> <span class='ocrx_word' id='word_1_121' title='bbox 1115 2079 1196 2182; x_wconf 80' lang='lat'><strong>762,</strong></span> 
     </span>
     <span class='ocr_line' id='line_1_16' title="bbox 143 2196 1198 2306; baseline 0.006 -35"><span class='ocrx_word' id='word_1_122' title='bbox 143 2200 182 2272; x_wconf 87' lang='lat' dir='ltr'>C.</span> <span class='ocrx_word' id='word_1_123' title='bbox 200 2196 322 2272; x_wconf 87' lang='lat' dir='ltr'>Dolab.</span> <span class='ocrx_word' id='word_1_124' title='bbox 347 2218 381 2273; x_wconf 88' lang='lat' dir='ltr'>et</span> <span class='ocrx_word' id='word_1_125' title='bbox 402 2198 461 2272; x_wconf 88' lang='lat' dir='ltr'>Sil.</span> <span class='ocrx_word' id='word_1_126' title='bbox 478 2199 561 2275; x_wconf 81' lang='lat' dir='ltr'>Cos.</span> <span class='ocrx_word' id='word_1_127' title='bbox 581 2198 686 2275; x_wconf 80' lang='lat' dir='ltr'>aedem</span> <span class='ocrx_word' id='word_1_128' title='bbox 709 2199 890 2274; x_wconf 84' lang='lat' dir='ltr'>dedicatam</span> <span class='ocrx_word' id='word_1_129' title='bbox 913 2228 1009 2289; x_wconf 87' lang='lat' dir='ltr'>esse;</span> <span class='ocrx_word' id='word_1_130' title='bbox 1033 2229 1198 2306; x_wconf 85' lang='lat' dir='ltr'>perperam</span> 
     </span>
     <span class='ocr_line' id='line_1_17' title="bbox 142 2320 1199 2428; baseline 0.009 -36"><span class='ocrx_word' id='word_1_131' title='bbox 142 2323 254 2422; x_wconf 88' lang='lat' dir='ltr'>itaque</span> <span class='ocrx_word' id='word_1_132' title='bbox 264 2323 460 2397; x_wconf 89' lang='lat' dir='ltr'>Suetonium</span> <span class='ocrx_word' id='word_1_133' title='bbox 474 2339 554 2424; x_wconf 91' lang='lat' dir='ltr'>post</span> <span class='ocrx_word' id='word_1_134' title='bbox 566 2321 771 2424; x_wconf 85' lang='lat' dir='ltr'>triumphum</span> <span class='ocrx_word' id='word_1_135' title='bbox 780 2320 914 2396; x_wconf 73' lang='lat' dir='ltr'>hebdom</span> <span class='ocrx_word' id='word_1_136' title='bbox 928 2325 1103 2425; x_wconf 88' lang='lat' dir='ltr'>posuisse,</span> <span class='ocrx_word' id='word_1_137' title='bbox 1119 2325 1199 2428; x_wconf 87' lang='lat' dir='ltr'>quod</span> 
     </span>
     <span class='ocr_line' id='line_1_18' title="bbox 128 2443 959 2547; baseline 0.002 -32"><span class='ocrx_word' id='word_1_138' title='bbox 128 2445 253 2518; x_wconf 70' lang='lat' dir='ltr'>&#39;statim</span> <span class='ocrx_word' id='word_1_139' title='bbox 271 2464 350 2547; x_wconf 86' lang='lat' dir='ltr'>post</span> <span class='ocrx_word' id='word_1_140' title='bbox 364 2443 490 2520; x_wconf 89' lang='lat' dir='ltr'>bellom</span> <span class='ocrx_word' id='word_1_141' title='bbox 508 2444 729 2545; x_wconf 86' lang='lat' dir='ltr'>compositum</span> <span class='ocrx_word' id='word_1_142' title='bbox 744 2443 865 2519; x_wconf 80' lang='lat' dir='ltr'>sactum</span> <span class='ocrx_word' id='word_1_143' title='bbox 882 2461 959 2518; x_wconf 87' lang='lat' dir='ltr'>erat.</span> 
     </span>
    </p>

    <p class='ocr_par' dir='ltr' id='par_1_5' title="bbox 144 2564 1204 3132">
     <span class='ocr_line' id='line_1_19' title="bbox 192 2564 1201 2667; baseline 0.001 -25"><span class='ocrx_word' id='word_1_144' title='bbox 192 2568 246 2642; x_wconf 83' lang='lat' dir='ltr'>Ad</span> <span class='ocrx_word' id='word_1_145' title='bbox 261 2567 355 2642; x_wconf 74' lang='lat' dir='ltr'>Fosi.</span> <span class='ocrx_word' id='word_1_146' title='bbox 373 2566 451 2641; x_wconf 89' lang='grc' dir='ltr'>ΙΙΙ</span> <span class='ocrx_word' id='word_1_147' title='bbox 451 2625 461 2653; x_wconf 88' lang='grc'><strong><em>,</em></strong></span> <span class='ocrx_word' id='word_1_148' title='bbox 483 2566 554 2667; x_wconf 70' lang='lat'>419</span> <span class='ocrx_word' id='word_1_149' title='bbox 570 2569 590 2664; x_wconf 65' lang='lat' dir='ltr'>l</span> <span class='ocrx_word' id='word_1_150' title='bbox 607 2565 638 2640; x_wconf 91' lang='lat' dir='ltr'>d.</span> <span class='ocrx_word' id='word_1_151' title='bbox 659 2564 692 2639; x_wconf 88' lang='lat'>6.</span> <span class='ocrx_word' id='word_1_152' title='bbox 711 2567 843 2664; x_wconf 88' lang='lat' dir='ltr'>Mart.)</span> <span class='ocrx_word' id='word_1_153' title='bbox 864 2564 904 2640; x_wconf 90' lang='lat' dir='ltr'>de</span> <span class='ocrx_word' id='word_1_154' title='bbox 927 2566 1069 2643; x_wconf 78' lang='lat' dir='ltr'>Caesaris</span> <span class='ocrx_word' id='word_1_155' title='bbox 1092 2570 1201 2645; x_wconf 91' lang='lat' dir='ltr'>Ponti·</span> 
     </span>
     <span class='ocr_line' id='line_1_20' title="bbox 144 2688 1199 2797; baseline -0.001 -34"><span class='ocrx_word' id='word_1_156' title='bbox 144 2689 241 2764; x_wconf 84' lang='lat' dir='ltr'>ficatn</span> <span class='ocrx_word' id='word_1_157' title='bbox 266 2719 373 2766; x_wconf 87' lang='lat' dir='ltr'>annus</span> <span class='ocrx_word' id='word_1_158' title='bbox 395 2707 639 2797; x_wconf 65' lang='lat' dir='ltr'>nunc-certus,</span> <span class='ocrx_word' id='word_1_159' title='bbox 666 2718 734 2796; x_wconf 81' lang='lat' dir='ltr'>quo</span> <span class='ocrx_word' id='word_1_160' title='bbox 758 2688 940 2764; x_wconf 84' lang='lat' dir='ltr'>Octaviano</span> <span class='ocrx_word' id='word_1_161' title='bbox 968 2691 1114 2767; x_wconf 85' lang='lat' dir='ltr'>traditus</span> <span class='ocrx_word' id='word_1_162' title='bbox 1138 2708 1199 2777; x_wconf 88' lang='lat' dir='ltr'>est,</span> 
     </span>
     <span class='ocr_line' id='line_1_21' title="bbox 144 2810 1203 2914; baseline 0 -28"><span class='ocrx_word' id='word_1_163' title='bbox 144 2813 266 2913; x_wconf 88' lang='lat' dir='ltr'>prodit.</span> <span class='ocrx_word' id='word_1_164' title='bbox 287 2812 390 2910; x_wconf 84' lang='lat' dir='ltr'>Quod</span> <span class='ocrx_word' id='word_1_165' title='bbox 406 2813 492 2887; x_wconf 91' lang='lat' dir='ltr'>enim</span> <span class='ocrx_word' id='word_1_166' title='bbox 507 2829 601 2886; x_wconf 79' lang='lat' dir='ltr'>antee</span> <span class='ocrx_word' id='word_1_167' title='bbox 616 2810 650 2885; x_wconf 91' lang='lat' dir='ltr'>in</span> <span class='ocrx_word' id='word_1_168' title='bbox 668 2820 756 2886; x_wconf 85' lang='lat' dir='ltr'>anno</span> <span class='ocrx_word' id='word_1_169' title='bbox 771 2812 860 2912; x_wconf 72' lang='lat'><strong>740,</strong></span> <span class='ocrx_word' id='word_1_170' title='bbox 874 2840 942 2912; x_wconf 89' lang='lat' dir='ltr'>qno</span> <span class='ocrx_word' id='word_1_171' title='bbox 956 2813 1110 2914; x_wconf 86' lang='lat' dir='ltr'>Lepidus</span> <span class='ocrx_word' id='word_1_172' title='bbox 1122 2841 1203 2888; x_wconf 89' lang='lat' dir='ltr'>mor-</span> 
     </span>
     <span class='ocr_line' id='line_1_22' title="bbox 146 2934 1204 3036; baseline 0.006 -31"><span class='ocrx_word' id='word_1_173' title='bbox 146 2951 224 3006; x_wconf 88' lang='lat' dir='ltr'>tuus</span> <span class='ocrx_word' id='word_1_174' title='bbox 248 2951 316 3020; x_wconf 90' lang='lat' dir='ltr'>est,</span> <span class='ocrx_word' id='word_1_175' title='bbox 339 2934 533 3034; x_wconf 85' lang='lat' dir='ltr'>ponebant,</span> <span class='ocrx_word' id='word_1_176' title='bbox 556 2961 644 3008; x_wconf 89' lang='lat' dir='ltr'>anno</span> <span class='ocrx_word' id='word_1_177' title='bbox 669 2952 824 3036; x_wconf 88' lang='lat' dir='ltr'>sequente</span> <span class='ocrx_word' id='word_1_178' title='bbox 842 2934 975 3009; x_wconf 88' lang='lat' dir='ltr'>demum</span> <span class='ocrx_word' id='word_1_179' title='bbox 995 2937 1121 3010; x_wconf 80' lang='lat' dir='ltr'>lactum</span> <span class='ocrx_word' id='word_1_180' title='bbox 1139 2964 1204 3011; x_wconf 85' lang='lat' dir='ltr'>esse</span> 
     </span>
     <span class='ocr_line' id='line_1_23' title="bbox 146 3058 493 3132; baseline 0.003 -4"><span class='ocrx_word' id='word_1_181' title='bbox 146 3058 293 3132; x_wconf 86' lang='lat' dir='ltr'>ostendit</span> <span class='ocrx_word' id='word_1_182' title='bbox 307 3058 376 3131; x_wconf 80' lang='lat' dir='ltr'>haec</span> <span class='ocrx_word' id='word_1_183' title='bbox 393 3074 493 3131; x_wconf 87' lang='lat' dir='ltr'>nota:</span> 
     </span>
    </p>

    <p class='ocr_par' dir='ltr' id='par_1_6' title="bbox 145 3179 1203 3400">
     <span class='ocr_line' id='line_1_24' title="bbox 194 3179 1203 3282; baseline 0 -29"><span class='ocrx_word' id='word_1_184' title='bbox 194 3180 280 3282; x_wconf 82' lang='lat' dir='ltr'>Imp.</span> <span class='ocrx_word' id='word_1_185' title='bbox 301 3179 386 3255; x_wconf 64' lang='lat' dir='ltr'>Cos,</span> <span class='ocrx_word' id='word_1_186' title='bbox 401 3183 565 3282; x_wconf 72' lang='lat' dir='ltr'>Augustus</span> <span class='ocrx_word' id='word_1_187' title='bbox 581 3180 697 3280; x_wconf 60' lang='lat' dir='ltr'>Pontffi</span> <span class='ocrx_word' id='word_1_188' title='bbox 717 3183 876 3257; x_wconf 83' lang='lat' dir='ltr'>maximus</span> <span class='ocrx_word' id='word_1_189' title='bbox 898 3182 1005 3259; x_wconf 85' lang='lat' dir='ltr'>factus</span> <span class='ocrx_word' id='word_1_190' title='bbox 1026 3202 1100 3274; x_wconf 88' lang='lat' dir='ltr'>est,</span> <span class='ocrx_word' id='word_1_191' title='bbox 1123 3183 1203 3280; x_wconf 79' lang='lat' dir='ltr'>Qui-</span> 
     </span>
     <span class='ocr_line' id='line_1_25' title="bbox 145 3303 510 3400; baseline 0.003 -24"><span class='ocrx_word' id='word_1_192' title='bbox 145 3303 231 3377; x_wconf 92' lang='lat' dir='ltr'>rinio</span> <span class='ocrx_word' id='word_1_193' title='bbox 248 3322 282 3378; x_wconf 90' lang='lat' dir='ltr'>et</span> <span class='ocrx_word' id='word_1_194' title='bbox 297 3304 416 3400; x_wconf 84' lang='lat' dir='ltr'>Valgio</span> <span class='ocrx_word' id='word_1_195' title='bbox 435 3307 510 3379; x_wconf 86' lang='lat' dir='ltr'>Cos.</span> 
     </span>
    </p>

    <p class='ocr_par' dir='ltr' id='par_1_7' title="bbox 147 3418 1204 3639">
     <span class='ocr_line' id='line_1_26' title="bbox 194 3418 1204 3526; baseline 0.001 -28"><span class='ocrx_word' id='word_1_196' title='bbox 194 3427 285 3500; x_wconf 80' lang='lat' dir='ltr'>Fost.</span> <span class='ocrx_word' id='word_1_197' title='bbox 304 3418 396 3514; x_wconf 82' lang='lat' dir='ltr'><em>III,</em></span> <span class='ocrx_word' id='word_1_198' title='bbox 419 3427 490 3500; x_wconf 78' lang='lat'>812</span> <span class='ocrx_word' id='word_1_199' title='bbox 504 3446 538 3501; x_wconf 89' lang='lat' dir='ltr'>et</span> <span class='ocrx_word' id='word_1_200' title='bbox 551 3425 622 3500; x_wconf 85' lang='lat'>838</span> <span class='ocrx_word' id='word_1_201' title='bbox 639 3427 695 3525; x_wconf 92' lang='lat' dir='ltr'>(d.</span> <span class='ocrx_word' id='word_1_202' title='bbox 718 3453 759 3526; x_wconf 85' lang='lat'>19</span> <span class='ocrx_word' id='word_1_203' title='bbox 775 3427 903 3521; x_wconf 69' lang='lat' dir='ltr'>Mart.)</span> <span class='ocrx_word' id='word_1_204' title='bbox 922 3426 1116 3504; x_wconf 77' lang='lat' dir='ltr'>Ovidiohic</span> <span class='ocrx_word' id='word_1_205' title='bbox 1134 3425 1204 3500; x_wconf 87' lang='lat' dir='ltr'>dies</span> 
     </span>
     <span class='ocr_line' id='line_1_27' title="bbox 147 3549 1203 3639; baseline 0.001 -16"><span class='ocrx_word' id='word_1_206' title='bbox 147 3549 298 3625; x_wconf 66' lang='lat' dir='ltr'>Mitem</span> <span class='ocrx_word' id='word_1_207' title='bbox 313 3551 424 3626; x_wconf 76' lang='lat' dir='ltr'>nutabi</span> <span class='ocrx_word' id='word_1_208' title='bbox 441 3572 596 3639; x_wconf 80' lang='lat' dir='ltr'>voeatnr3</span> <span class='ocrx_word' id='word_1_209' title='bbox 619 3568 653 3625; x_wconf 92' lang='lat' dir='ltr'>et</span> <span class='ocrx_word' id='word_1_210' title='bbox 668 3549 732 3625; x_wconf 83' lang='lat' dir='ltr'>kal.</span> <span class='ocrx_word' id='word_1_211' title='bbox 747 3551 893 3626; x_wconf 82' lang='lat' dir='ltr'>Vindoh.</span> <span class='ocrx_word' id='word_1_212' title='bbox 914 3552 1014 3627; x_wconf 86' lang='lat' dir='ltr'>habet</span> <span class='ocrx_word' id='word_1_213' title='bbox 1028 3555 1078 3630; x_wconf 85' lang='grc' dir='ltr'>Ν.</span> <span class='ocrx_word' id='word_1_214' title='bbox 1091 3553 1203 3628; x_wconf 65' lang='lat' dir='ltr'>Moer-</span> 
     </span>
    </p>
   </div>
   <div class='ocr_carea' id='block_1_5' title="bbox 146 3672 1204 4147">
    <p class='ocr_par' dir='ltr' id='par_1_8' title="bbox 146 3672 1204 4147">
     <span class='ocr_line' id='line_1_28' title="bbox 146 3672 1204 3776; baseline 0.001 -32"><span class='ocrx_word' id='word_1_215' title='bbox 146 3698 208 3757; x_wconf 78' lang='lat' dir='ltr'>ces,</span> <span class='ocrx_word' id='word_1_216' title='bbox 235 3674 327 3774; x_wconf 91' lang='lat' dir='ltr'>quod</span> <span class='ocrx_word' id='word_1_217' title='bbox 340 3693 449 3750; x_wconf 89' lang='lat' dir='ltr'>antem</span> <span class='ocrx_word' id='word_1_218' title='bbox 461 3675 526 3749; x_wconf 84' lang='lat' dir='ltr'>hoe</span> <span class='ocrx_word' id='word_1_219' title='bbox 537 3673 633 3748; x_wconf 87' lang='lat' dir='ltr'>etiam</span> <span class='ocrx_word' id='word_1_220' title='bbox 646 3672 721 3747; x_wconf 91' lang='lat' dir='ltr'>loco</span> <span class='ocrx_word' id='word_1_221' title='bbox 734 3674 818 3748; x_wconf 88' lang='lat' dir='ltr'>nihil</span> <span class='ocrx_word' id='word_1_222' title='bbox 831 3674 920 3748; x_wconf 89' lang='lat' dir='ltr'>alind</span> <span class='ocrx_word' id='word_1_223' title='bbox 932 3702 968 3747; x_wconf 87' lang='lat' dir='ltr'>ae</span> <span class='ocrx_word' id='word_1_224' title='bbox 979 3676 1080 3776; x_wconf 89' lang='lat' dir='ltr'>primi</span> <span class='ocrx_word' id='word_1_225' title='bbox 1093 3673 1204 3776; x_wconf 78' lang='lat' dir='ltr'>tenpli</span> 
     </span>
     <span class='ocr_line' id='line_1_29' title="bbox 147 3795 1204 3899; baseline 0.004 -32"><span class='ocrx_word' id='word_1_226' title='bbox 147 3795 384 3872; x_wconf 86' lang='lat' dir='ltr'>dedicationem</span> <span class='ocrx_word' id='word_1_227' title='bbox 407 3796 575 3892; x_wconf 82' lang='lat' dir='ltr'>designare</span> <span class='ocrx_word' id='word_1_228' title='bbox 599 3797 725 3872; x_wconf 88' lang='lat' dir='ltr'>indicat</span> <span class='ocrx_word' id='word_1_229' title='bbox 740 3799 897 3887; x_wconf 88' lang='lat' dir='ltr'>Verrius,</span> <span class='ocrx_word' id='word_1_230' title='bbox 920 3798 1096 3874; x_wconf 90' lang='lat' dir='ltr'>scribens:</span> <span class='ocrx_word' id='word_1_231' title='bbox 1115 3797 1204 3899; x_wconf 88' lang='lat' dir='ltr'>qnod</span> 
     </span>
     <span class='ocr_line' id='line_1_30' title="bbox 147 3917 1204 4010; baseline 0.004 -20"><span class='ocrx_word' id='word_1_232' title='bbox 147 3917 303 3994; x_wconf 75' lang='lat' dir='ltr'>Minerva</span> <span class='ocrx_word' id='word_1_233' title='bbox 318 3917 397 3993; x_wconf 78' lang='lat' dir='ltr'>ndis</span> <span class='ocrx_word' id='word_1_234' title='bbox 415 3919 447 3992; x_wconf 83' lang='lat' dir='ltr'>io</span> <span class='ocrx_word' id='word_1_235' title='bbox 464 3919 671 3996; x_wconf 69' lang='lat' dir='ltr'>Aventino</span> <span class='ocrx_word' id='word_1_236' title='bbox 689 3919 739 3993; x_wconf 73' lang='lat' dir='ltr'>die</span> <span class='ocrx_word' id='word_1_237' title='bbox 752 3937 799 3995; x_wconf 84' lang='lat' dir='ltr'>est</span> <span class='ocrx_word' id='word_1_238' title='bbox 813 3939 1025 4010; x_wconf 85' lang='lat' dir='ltr'>consecrata,</span> <span class='ocrx_word' id='word_1_239' title='bbox 1051 3922 1104 3997; x_wconf 89' lang='lat' dir='ltr'>cui</span> <span class='ocrx_word' id='word_1_240' title='bbox 1124 3949 1204 3995; x_wconf 91' lang='lat' dir='ltr'>con-</span> 
     </span>
     <span class='ocr_line' id='line_1_31' title="bbox 148 4039 1204 4147; baseline 0.009 -38"><span class='ocrx_word' id='word_1_241' title='bbox 148 4039 248 4112; x_wconf 88' lang='lat' dir='ltr'>sentit</span> <span class='ocrx_word' id='word_1_242' title='bbox 260 4042 347 4115; x_wconf 79' lang='lat' dir='ltr'>Fest</span> <span class='ocrx_word' id='word_1_243' title='bbox 356 4039 480 4116; x_wconf 81' lang='lat' dir='ltr'>Scribas</span> <span class='ocrx_word' id='word_1_244' title='bbox 491 4059 525 4117; x_wconf 91' lang='lat' dir='ltr'>et</span> <span class='ocrx_word' id='word_1_245' title='bbox 542 4042 759 4144; x_wconf 67' lang='lat' dir='ltr'>Quinquatrus.</span> <span class='ocrx_word' id='word_1_246' title='bbox 774 4047 858 4120; x_wconf 83' lang='lat' dir='ltr'>Nam</span> <span class='ocrx_word' id='word_1_247' title='bbox 870 4062 904 4120; x_wconf 93' lang='lat' dir='ltr'>et</span> <span class='ocrx_word' id='word_1_248' title='bbox 913 4043 992 4121; x_wconf 81' lang='lat' dir='ltr'>alibi</span> <span class='ocrx_word' id='word_1_249' title='bbox 1007 4044 1204 4147; x_wconf 86' lang='lat' dir='ltr'>templorum</span> 
     </span>
    </p>
   </div>
   <div class='ocr_carea' id='block_1_6' title="bbox 0 0 1364 4672">
    <p class='ocr_par' dir='ltr' id='par_1_9' title="bbox 0 0 1364 4672">
     <span class='ocr_line' id='line_1_32' title="bbox 0 0 1364 4672; baseline 0 0"><span class='ocrx_word' id='word_1_250' title='bbox 0 0 1364 4672; x_wconf 95' lang='lat' dir='ltr'> </span> 
     </span>
    </p>
   </div>
  </div>
 </body>
</html>
