2692 4672
232 323 303 410 aaa
615 320 901 393 excussus

230 494 348 542 omnes
364 465 414 539 ibi
431 463 564 554 stellas,
587 465 645 540 sed
664 468 778 568 prima
799 485 928 541 tantum
946 482 981 540 et
1001 464 1155 540 secunde
1172 468 1289 563 magni·

234 581 380 666 tudinis,
400 581 556 669 indicari;
575 582 756 677 Vergilias,
775 583 903 657 lloedos
920 600 955 656 et
970 582 1136 680 ejusmodi
1155 584 1288 658 minores

232 698 380 775 exclusas
400 727 480 774 esse.
505 701 781 776 Fructuosissima
803 700 950 800 ejusdem
969 717 1053 773 nota
1076 718 1150 788 est,
1175 703 1288 802 quade

233 813 445 902 auctoribus,
470 813 557 888 unde
581 813 760 887 conflatum
781 831 855 901 est,
883 814 975 888 etde
994 814 1214 909 regionibus,
1237 816 1289 889 nbi

232 928 353 1025 singuli
383 928 629 1016 observabant,
656 930 820 1030 exposuit
849 971 889 984 -
916 928 1070 1004 Alterum
1100 946 1156 1005 est
1180 931 1293 1007 Gemini

232 1046 367 1145 (Peter.
387 1042 523 1119 Uranol.
543 1073 578 1145 p.
597 1043 666 1141 64)
684 1043 734 1117 illi
749 1045 937 1133 subsimile,
953 1046 1000 1120 ita
1012 1064 1124 1122 tamen
1139 1067 1180 1123 ut
1194 1049 1291 1124 sidera

230 1186 299 1233 non
318 1159 440 1233 mensis
461 1158 603 1246 diebus,
626 1157 686 1232 sed
705 1159 877 1253 signorum
900 1159 1037 1234 Zudiaci
1061 1162 1218 1262 partibas
1236 1163 1289 1236 ad-

229 1275 352 1376 scripta
370 1274 446 1348 sint
463 1275 633 1362 Tertium,
659 1303 679 1348 a
696 1273 831 1349 hamio
852 1275 999 1376 quodam
1021 1275 1125 1350 latine
1142 1306 1286 1364 versum,

228 1419 246 1465 e
261 1388 418 1492 pluribus
432 1388 645 1491 compilatum
663 1404 696 1463 et
710 1388 781 1463 sine
798 1389 993 1463 anctoritate
1004 1389 1139 1464 Petario
1152 1392 1285 1466 videtur.

227 1506 321 1582 Aett
339 1503 493 1581 Amt'dcui
511 1504 633 1580 medici
656 1522 837 1605 παράπηγμα
859 1504 1001 1601 (Peter.
1027 1508 1128 1601 421)
1152 1536 1208 1584 eas
1224 1528 1287 1584 tan·

227 1639 298 1698 tum
314 1623 399 1698 aeris
414 1624 633 1710 mutationes,
651 1652 723 1725 quae
738 1623 782 1697 ad
793 1639 992 1720 egrotorum
1009 1642 1137 1700 statum
1152 1626 1284 1729 aliquam

225 1724 291 1811 ¹viru
315 1736 437 1811 habere
461 1736 704 1826 credebantur,
732 1739 887 1839 excerpit.
912 1781 953 1794 -
981 1742 1092 1814 Usum
1122 1744 1283 1818 eorumiu

223 1854 451 1926 Romanorum
472 1853 566 1926 fastis
590 1854 743 1939 rusticis,
771 1855 828 1956 qui
845 1855 908 1928 toti
925 1855 966 1930 ab
984 1856 1025 1930 iis
1042 1856 1112 1933 fere
1130 1859 1281 1960 pendent,

225 1968 427 2072 explicandis
444 1989 476 2044 et
493 1969 712 2069 dijudicandis
727 1972 903 2045 maximum
918 1999 1008 2058 esse,
1026 1992 1132 2074 patet.

272 2085 334 2156 lll.
346 2087 386 2156 ln
394 2084 456 2157 hac
464 2085 562 2159 etiam
572 2112 626 2173 re,
639 2085 762 2159 Grecis
771 2084 1010 2186 praeeuntibus,
1022 2088 1170 2162 Romani
1180 2087 1280 2162 rustici

224 2199 334 2273 eadem
350 2222 599 2303 parapegmata,
617 2203 658 2278 ad
677 2203 893 2303 quae'negotia
910 2203 1034 2277 mstica
1050 2223 1280 2309 componerent

222 2318 351 2392 etunde
361 2337 569 2420 tempestates
582 2320 811 2422 prenderent,
829 2318 1026 2419 quotidiano
1041 2351 1107 2396 usu
1124 2324 1279 2409 terebant,

224 2453 257 2510 et
274 2437 433 2525 Ovidius,
454 2438 488 2510 in
507 2439 648 2511 carmine
659 2436 925 2524 suo-condendo,
942 2437 1005 2511 hos
1021 2439 1131 2515 fastos
1149 2444 1280 2517 rusticos

223 2584 298 2631 cnm
312 2556 468 2643 urbanis,
485 2555 542 2656 qui
555 2584 630 2628 raro
648 2555 791 2630 siderum
805 2555 1004 2630 mentionem
1022 2557 1200 2657 injiciunt,
1216 2589 1279 2634 con·

220 2671 339 2769 junxit.
359 2670 548 2745 Accedebat
562 2671 718 2744 autemin
733 2668 882 2744 hisatius
899 2669 1006 2744 adhuc
1022 2701 1122 2761 usus,
1138 2676 1280 2749 seriarum

223 2783 292 2859 scil.
313 2785 509 2858 rusticarum
525 2782 802 2885 publicorumque
825 2784 1058 2859 sacrificiorum
1079 2791 1280 2894 notationes,

223 2927 322 2999 quem
340 2917 448 2972 tamen
465 2926 561 2971 usum
587 2899 700 2994 graecis
720 2898 817 2972 etiam
846 2904 1136 3002 parapegmatibus
1161 2903 1281 2990 fuisse,

224 3017 383 3115 conjicere
394 3013 472 3086 licet
487 3041 504 3086 e
517 3013 646 3087 Colum.
666 3016 729 3101 lX,
746 3034 827 3103 tlt,
839 3020 866 3113 ἓ.
886 3042 942 3089 12:
957 3015 1001 3090 V
994 3019 1117 3091 emmiu
1133 3016 1196 3092 hac
1210 3024 1282 3094 mn‘s

222 3130 381 3231 diemissa
409 3156 517 3229 sequor
535 3156 616 3201 aaac
641 3127 775 3202 Eudoxi
792 3146 826 3204 et
849 3131 1011 3218 Metauri,
1039 3133 1282 3237 antiquorumque

210 3249 317 3347 justus
343 3245 585 3345 astrologorum,
609 3245 664 3344 qai
686 3259 757 3316 suat
783 3247 882 3346 aptati
896 3245 1030 3344 pubit'cis
1054 3249 1214 3351 sacrificii.
1236 3293 1275 3306 —

225 3365 357 3436 Mutato
380 3362 553 3435 horizonte
576 3378 610 3434 et
629 3378 775 3460 tempore
793 3360 911 3433 veritas
936 3390 1052 3436 eorum
1077 3363 1164 3438 nulla
1185 3382 1278 3452 erat,

223 3480 279 3554 sed
293 3481 391 3553 etiarn
405 3497 485 3580 post
500 3478 636 3552 Caesaris
649 3478 863 3551 accuratiores
875 3475 1019 3551 calculos
1032 3507 1160 3582 semper
1174 3481 1278 3555 adhuc

222 3596 257 3667 in
277 3623 339 3667 usu
356 3595 552 3680 manebant,
574 3611 608 3667 et
629 3593 663 3664 in
681 3620 828 3666 normam
851 3595 1059 3688 negotiorum
1083 3597 1278 3672 rusticomm

222 3709 477 3784 adhibebantur.
496 3710 609 3803 Pergit
628 3707 700 3782 Col.
718 3708 740 3780 l.
760 3737 786 3779 c.
810 3708 894 3807 Quia
907 3725 938 3781 et
948 3710 1047 3782 notar
1060 3728 1107 3786 est
1122 3714 1180 3787 ista
1192 3729 1279 3787 vetris

221 3825 359 3927 agricolis
375 3839 514 3913 concepta
529 3824 654 3920 apiaio;
672 3851 726 3896 acc
741 3838 838 3895 taruco
856 3822 1032 3922 Hipparchi
1046 3828 1196 3902 subtilitas
1206 3829 1278 3929 ptir-

215 3945 390 4045 guioribus,
414 3957 447 4014 ut
461 3942 561 4026 uiuat,
587 3941 761 4014 rusticorum
784 3941 877 4014 literis
895 3947 1061 4018 neccssaria
1084 3962 1137 4022 est.
1163 3949 1214 4021 Ex
1241 3946 1279 4018 iis

224 4077 330 4133 autem
350 4057 528 4132 trandent
544 4057 654 4130 rustica
677 4055 817 4128 sr'deralia
834 4074 869 4129 ut
887 4058 975 4156 apud
995 4059 1126 4135 Colum.
1146 4065 1218 4153 Xl,
1240 4086 1279 4149 ας
