2692 4672
404 313 910 384 1n0v1ousssr0s.
1125 316 1190 410 493

133 456 348 531 demiatorem
363 455 488 554 jungit;
504 453 588 528 Pisc.
612 478 654 527 12
671 481 680 527 τ
694 460 856 548 Εὐκτήμονι
868 464 1024 556 ἀρκτοῦρος
1037 462 1193 548 ἐπιτέλλει,

134 582 183 648 καὶ
206 588 405 670 προτρυγὴτηρ
425 579 557 670 ἐκφανής
577 569 774 645 Ptolemaeus
789 569 880 642 baud
897 569 998 646 dubie
1020 603 1061 648 ex
1083 575 1198 649 eodem

137 689 169 765 d.
191 688 331 763 5Mart.
359 699 519 786 ἀρκτοῦρος
544 697 673 787 ἑσπέριος
700 693 848 763 ἐπιτέλλει.
864 687 951 760 Ptin.
971 691 1101 779 XVIII,
1130 691 1197 781 26,

136 805 160 878 8
176 804 352 879 Kalendar.
374 808 474 880 Mart.
494 805 685 879 hirundinis
701 805 774 879 visu
791 823 825 880 et
841 822 976 906 postero
995 804 1047 880 die
1065 809 1200 883 Arcturi

134 934 245 994 exortu
259 920 451 1019 vespertilio,
478 918 535 1020 qui
551 947 625 991 cum
638 918 781 993 Eudoxo
797 918 884 991 lacit.
902 916 958 991 Ad
970 920 1126 994 amussim
1140 952 1198 997 au·

138 1055 206 1111 tem
223 1035 378 1110 Petavius
393 1065 470 1111 cum
486 1038 711 1122 Euctemoue,
736 1035 769 1108 in
786 1034 881 1134 cujus
903 1033 1017 1108 tabula
1044 1053 1200 1141 ocrooycte

138 1153 236 1226 oritur
249 1151 333 1226 Pt'sc.
356 1149 426 1240 13⁰,
442 1147 489 1225 32
506 1199 552 1223 =
565 1151 597 1226 d.
617 1149 638 1223 5
656 1151 757 1225 Mart.

188 1266 280 1341 Idem
297 1268 393 1342 video
413 1267 679 1343 animadvertisse
704 1268 940 1354 Pontederam,
968 1268 1025 1368 qui
1047 1283 1204 1341 astrono-

139 1383 240 1456 micas
256 1383 401 1458 ratioues
415 1413 457 1458 ue
474 1383 619 1484 respexit
635 1382 785 1482 quidem,
809 1413 842 1484 p.
865 1381 945 1475 405.
965 1383 1077 1479 Quam
1091 1383 1205 1475 Tauh-

140 1524 240 1572 uerus
257 1517 377 1586 tentat,
395 1499 542 1585 medela,
570 1516 624 1585 ut,
644 1498 911 1593 interrogationis
929 1497 1024 1593 signo
1043 1516 1122 1599 post
1139 1513 1206 1572 tuos

142 1619 272 1719 posito,
287 1617 382 1691 locus
393 1632 541 1710 negetur,
550 1617 603 1687 vix
612 1615 812 1689 mentionem
821 1631 973 1690 meretur.
984 1617 1107 1716 Aperte
1119 1615 1207 1689 iuter

142 1733 221 1807 vitia
237 1761 256 1805 a
269 1752 368 1834 poeta
383 1731 527 1807 admissa
542 1730 730 1806 referendus
746 1750 796 1806 est
813 1731 925 1819 locus,
941 1748 975 1805 et
988 1729 1206 1832 probabiliter

142 1848 264 1935 fastos,
286 1879 371 1950 quos
390 1847 607 1949 sequebatur,
627 1847 709 1922 male
725 1846 816 1942 legit.
839 1847 992 1920 Occasum
1011 1847 1097 1921 enim
1113 1861 1209 1919 rnatu·

143 1968 254 2051 donin,
275 1994 373 2066 quem
390 1965 425 2036 iu
438 1963 527 2036 bunc
545 1962 631 2034 diem
647 1960 730 2036 male
749 1962 881 2060 posuit,
898 1979 985 2035 recte
1000 1962 1156 2036 describit
1165 1963 1197 2031 V
1199 2017 1208 2048 ,

148 2084 217 2183 733
236 2083 296 2182 (a.
318 2081 364 2154 2o
382 2081 505 2178 nat),

278 2271 390 2324 Auserat
404 2291 435 2323 ex
450 2269 530 2323 oculis
542 2267 651 2321 veniens
664 2267 768 2319 Aurora
782 2268 879 2320 Booten
887 2283 897 2331 ,·

149 2432 373 2506 consentiente
391 2433 545 2521 Petavio,
572 2431 631 2533 qui
655 2431 801 2506 eumdem
818 2429 860 2504 ad
878 2430 972 2503 Gcm.
991 2431 1064 2516 III,
1092 2428 1135 2503 16
1152 2431 1213 2505 ad-

148 2547 265 2621 scribit
283 2564 317 2622 et
332 2548 398 2623 scre
415 2547 598 2624 Columella
612 2580 620 2621 ε
635 2550 684 2622 XI
699 2544 837 2620 Kalend.
855 2547 933 2618 Juu.
955 2548 1110 2620 Arcturus
1125 2576 1213 2621 mone

151 2664 281 2738 occidit:
296 2665 337 2738 cs.
354 2667 504 2740 Euctem.
521 2666 557 2737 iu
572 2665 665 2740 Gem.
682 2662 824 2737 Ovidius
835 2662 974 2736 maxime
987 2661 1030 2738 ad
1043 2661 1213 2753 veritatem

152 2780 284 2853 ncce'dit.

202 2899 251 2972 3⁰.
279 2900 337 2984 IV,
357 2897 429 2997 904
445 2896 501 2996 (d.
521 2895 566 2968 25
583 2895 718 2997 April.)
737 2893 837 2969 Canis
854 2893 995 2969 traditur
1010 2893 1110 2967 oriri:

287 3085 419 3154 Signaque
431 3082 495 3136 daut
507 3081 619 3145 imbres,
637 3081 804 3149 exoriturque
818 3077 915 3144 camin

157 3231 199 3306 ad
224 3233 315 3331 quod
339 3233 431 3309 sidus
455 3230 653 3334 placandum
674 3228 851 3326 Robigalia
874 3229 1027 3302 instituta
1050 3227 1216 3300 dicuutur.

162 3353 325 3426 Occasum
340 3348 519 3439 helianum,
541 3349 608 3424 sive
620 3348 843 3450 vespertinum
860 3364 1070 3446 apparentem
1095 3343 1220 3419 substi-

159 3465 321 3540 tuendum
337 3491 427 3551 csse,
449 3464 496 3538 ita
509 3482 550 3538 ut
564 3465 684 3540 festum
701 3462 938 3547 celebraretur,
956 3491 1060 3561 quum
1076 3462 1220 3563 primum

162 3581 268 3655 Sirius
284 3580 318 3651 in
336 3577 416 3653 calo
434 3603 590 3678 apparere
606 3578 763 3664 desierat,
783 3604 895 3649 omnes
909 3575 1069 3650 viderunt.
1091 3574 1226 3651 Occosar'

163 3693 249 3768 cuim
259 3691 375 3767 sideris
383 3691 432 3764 vis
442 3689 624 3790 peruiciosa
637 3691 670 3763 iu
683 3688 794 3784 sruges
812 3689 1034 3777 tribuebatur;
1052 3689 1116 3762 vid.
1133 3688 1218 3761 Pliu.

163 3813 291 3898 XVIII,
299 3835 355 3908 29.
365 3808 420 3882 Ad
429 3808 557 3883 Petavii
568 3807 634 3879 tab.
647 3806 898 3881 occiditbeliacc
905 3809 1004 3882 Taur.
1018 3807 1065 3892 5⁰,
1079 3805 1164 3877 31=
1176 3805 1223 3878 28

169 3928 200 4001 d.
215 3925 322 4029 April.
342 3954 415 3998 cum
433 3951 500 4023 quo
519 3923 671 3996 convenit
687 3921 773 3997 Plin.
801 3923 984 3997 Columella
1002 3920 1141 4021 adponit
1159 3922 1224 3997 diei

173 4043 228 4116 30.
242 4045 296 4118 Pr.
305 4041 378 4115 Kal.
390 4041 496 4114 Maias
508 4039 608 4113 Canis
620 4067 656 4114 se
666 4068 798 4140 vespere
808 4038 907 4126 celat,
918 4056 951 4111 et
962 4038 1055 4132 Virg.
1070 4037 1225 4132 Georgl,
